2836 5034
159 327 226 393 434
447 343 709 397 Protheonem
734 346 781 395 oa
805 344 1015 396 arsionibus

158 489 376 573 interpunctio
400 494 510 556 tamen
529 491 683 574 sequitur.
716 490 830 576 ltaque
850 491 911 556 atsi
933 491 1024 557 nullo
1046 488 1166 575 negotio
1183 491 1249 551 baua

58 624 140 663 cxcv
156 595 235 680 poni
259 596 367 661 nullus
389 598 491 678 edepol
517 595 675 684 potnit*),
706 602 816 663 tamen
842 598 884 664 ad
907 599 1053 682 elapsam
1074 595 1174 690 potius
1189 594 1252 679 syllu

155 704 233 767 bam
262 703 420 769 librorum
449 705 608 788 scriptura
635 709 690 769 tuo
720 705 823 788 edepol
852 707 1000 789 spectare
1031 703 1100 768 visa
1128 708 1173 767 est
1195 700 1254 786 (nan

157 811 281 893 aedepol
308 832 367 894 pro
397 811 499 892 edepol
526 832 622 894 quam
651 810 803 895 frequens
827 816 878 875 est
900 810 934 874 in
956 810 1093 875 noviciis
1115 808 1175 875 ΡΖ
1188 807 1258 887 libris,

157 920 224 980 tam
250 920 300 980 est
322 916 355 980 in
380 917 523 1001 antiquis
547 917 721 1003 insolens),
749 940 766 981 e
790 940 855 1002 qua
878 922 941 981 tute
962 938 1036 984 cum
1059 914 1172 982 Botbio
1190 914 1259 979 effeci·

156 1046 237 1087 mus.
283 1022 347 1087 Illa
370 1027 493 1104 autem,
515 1024 550 1087 u‘t
571 1029 661 1106 optat
682 1026 713 1088 a?
732 1026 778 1089 ito
801 1044 876 1103 asse,
899 1023 972 1106 ipsa
995 1023 1046 1087 vis
1069 1022 1262 1087 seutentiacd

157 1132 237 1195 artis
266 1132 349 1194 ratio
378 1129 552 1215 flagitabat
577 1137 612 1195 ut
635 1131 681 1194 sic
704 1130 942 1196 collocarentur
965 1132 1092 1193 mutato
1115 1126 1265 1194 aoeenmit

156 1243 245 1318 opust
273 1240 321 1302 itu
350 1244 377 1301 le
406 1258 480 1302 esse:
525 1239 686 1322 reliquum
716 1239 817 1323 igitur
846 1241 917 1301 erat
947 1241 985 1300 ut
1012 1237 1035 1301 d
1060 1229 1269 1317 adiceretnffl]

121 1430 127 1437 ἱ
155 1342 310 1408 Eiusdem
339 1344 466 1408 litterae
497 1344 682 1409 adiumento
711 1344 830 1409 licebat
857 1344 956 1408 tertio
985 1364 1100 1435 uersu,
1124 1364 1201 1427 quae
1225 1343 1272 1424 ipa

157 1450 398 1515 constructione
413 1451 523 1516 iuncta
538 1456 622 1534 sunt,
641 1449 881 1534 pronuntiando
901 1471 1029 1535 qnoque
1046 1452 1193 1515 coartare
1209 1450 1276 1513 iste·

154 1577 219 1620 rem
251 1558 295 1621 ud
324 1559 394 1621 med
423 1556 643 1641 otttm***):
681 1557 863 1643 elegantius
899 1563 1011 1623 tamen
1042 1556 1150 1622 risum
1183 1552 1279 1621 estd

155 1683 203 1727 mc
233 1662 333 1727 verba
365 1662 490 1728 intendi
523 1667 598 1727 anta
630 1685 694 1728 rem
725 1665 895 1731 collocata
939 1662 1096 1729 Dubitari
1125 1668 1232 1747 potest
1281 1666 1284 1671 ’

155 1768 270 1833 Bacch.
294 1770 360 1833 430
384 1770 492 1850 [46212

170 1966 174 1974 .
244 1909 367 1974 Ve‘rum
389 1911 554 1996 ingenium
578 1913 652 1997 pluis
675 1915 805 1997 trr'pima
827 1913 922 1977 dana
947 1914 1069 1977 maiust
1087 1935 1188 1997 qnam
1206 1908 1287 1993 cilteri,

156 2052 212 2116 ubi
235 2074 294 2116 nec
313 2058 380 2117 tam
400 2055 577 2139 commoda,
600 2078 698 2140 quam
722 2057 757 2120 in
781 2057 906 2121 lucana
927 2061 1018 2120 aneto
1041 2062 1195 2139 aspreta
1217 2076 1288 2119 roca·

157 2159 306 2223 bulorum
335 2160 421 2225 inter
450 2184 483 2226 se
507 2165 765 2227 constructorum
794 2162 966 2246 diremptio
991 2167 1055 2247 est,
1085 2166 1122 2225 et
1146 2162 1220 2246 perf
1251 2160 1276 2175 ''

154 2267 367 2351 transpositio
390 2270 506 2333 maiust
528 2270 670 2354 accedi)

241 2372 347 2438 Tanta
374 2374 475 2459 igitur
503 2398 575 2440 cum
603 2374 682 2460 fuga
708 2374 819 2440 hiatus
847 2376 945 2440 fuerit
967 2374 1232 2460 locupletissima

153 2480 319 2545 cusatione
347 2481 480 2566 muniti,
511 2483 624 2566 quibus
653 2481 783 2546 tandem
812 2482 968 2547 machinis
995 2505 1062 2547 non
1085 2482 1266 2547 excusabile

153 2586 278 2651 hiatum
310 2594 419 2653 tamen
452 2588 619 2652 defensum
658 2588 743 2652 ibis?
795 2588 926 2653 Scilicet
964 2589 1050 2672 quod
1086 2611 1107 2652 a
1147 2612 1254 2653 caeso

153 2696 362 2777 tetrametris,
391 2695 473 2758 idern
502 2697 542 2759 ab
572 2696 683 2761 eudem
713 2718 846 2760 caesura
868 2695 1066 2778 praesidium
1095 2696 1228 2760 fuerunt
1246 2690 1284 2778 q'

153 2805 302 2882 paratum
331 2822 400 2865 esse
425 2801 591 2865 hiantibus
621 2803 756 2866 senariis
781 2802 908 2865 vellent.
955 2799 1027 2875 Qua
1060 2800 1239 2884 comparati
1277 2806 1283 2885 J

152 2907 234 2970 nihil
259 2908 395 2991 cogitari
420 2909 556 2972 alienius
580 2914 696 2991 potest.
744 2909 834 2973 Adeo
865 2908 949 2971 enim
973 2906 1057 2970 nihil
1081 2902 1284 2973 similitudini

153 3015 236 3076 inter
260 3018 430 3096 utramque
454 3036 620 3078 caesuram
648 3015 833 3098 intercedit,
863 3014 948 3097 quod
977 3012 1112 3095 quidem
1137 3014 1176 3076 ad
1200 3011 1274 3075 minu

152 3117 268 3181 endam
299 3119 407 3182 hiatus
432 3120 641 3184 offensionem
667 3123 786 3203 valeat,
811 3125 846 3184 ut
873 3119 1103 3183 diversissimis
1129 3117 1252 3203 generib

153 3224 308 3288 discretae
338 3226 412 3289 siut.
459 3225 549 3302 Quod
581 3226 753 3291 discrimen
782 3233 867 3292 recte
892 3230 1063 3291 senserunt
1089 3227 1143 3309 qui
1169 3226 1227 3290 alte

151 3337 277 3393 tantum
313 3353 493 3415 caesuram,
531 3333 700 3397 diaeresim
735 3334 870 3397 alteram
904 3335 1074 3413 vocarunt,
1109 3346 1271 3416 quamqmn

150 3459 209 3501 nec
237 3442 382 3502 veterum
413 3439 605 3502 auctoritate
636 3442 668 3501 et
698 3439 794 3502 aliam
827 3438 868 3501 ob
899 3460 1046 3501 caussam
1081 3460 1154 3503 meo
1185 3432 1259 3502 iudi·

151 3566 217 3607 non
241 3546 320 3608 satis
345 3545 565 3627 probabiliter.
607 3543 669 3609 Sed
693 3545 731 3608 de
754 3544 885 3608 nomine
909 3549 1085 3626 utcumque
1111 3549 1273 3625 statuesrr

150 3650 304 3714 interesse
333 3651 506 3734 plurimum
537 3655 686 3736 apparet,
713 3673 824 3715 versus
853 3651 1009 3715 incisione
1037 3650 1151 3734 aliqua
1176 3652 1274 3716 ordine

43 3780 136 3819 cxcvi
151 3754 326 3834 rhythmici
351 3762 518 3821 serventur
542 3781 582 3821 an
607 3758 756 3822 consulto
780 3757 986 3821 dissecentur.
1024 3756 1151 3833 Quodsi
1176 3776 1278 3822 serru-

150 3867 217 3943 tur,
247 3865 282 3923 ut
309 3863 342 3924 in
373 3866 569 3941 tetrametris
599 3865 761 3946 omnibus,
790 3863 871 3926 nihil
903 3862 1094 3927 offensionis
1119 3867 1172 3930 vel
1196 3867 1280 3931 hiatu

256 4094 281 4159 *)
303 4091 361 4162 [Sic
387 4091 416 4143 in
442 4091 484 4144 cd.
510 4092 557 4146 alt.
583 4091 753 4146 ltitscheliua
778 4109 841 4145 cum
865 4091 959 4147 Reiaio
982 4091 1208 4164 Hermannoque
1227 4091 1287 4149 dedit

149 4180 311 4249 improbans
331 4195 415 4247 quam
435 4178 488 4232 hoc
508 4179 570 4232 loco
589 4181 683 4233 tuetur
701 4178 797 4232 Bothii
811 4179 1022 4250 coniecturam]

238 4267 279 4336 **)
300 4267 352 4336 [cf.
372 4268 446 4322 infra
464 4286 489 4335 p.
509 4281 605 4335 ccam,
625 4268 695 4322 Nov.
717 4284 774 4321 exc.
794 4266 885 4321 Plaut.
906 4269 918 4321 Ι
937 4286 964 4337 p.
984 4270 1041 4339 tt]

218 4357 275 4422 ***)
296 4355 354 4425 [Sic
374 4356 464 4408 'Prin'
482 4355 516 4410 cl.
536 4357 607 4410 Nor.
627 4373 685 4411 exc.
704 4354 795 4410 Plaut
816 4357 828 4409 Ι
846 4375 873 4425 p.
893 4357 948 4427 46]

244 4448 272 4511 †)
294 4444 384 4513 {lireio
403 4446 485 4497 uerrere
504 4447 605 4497 vicine
625 4444 652 4497 in
673 4444 795 4498 editione
815 4444 895 4498 dedit
912 4445 1115 4520 humbelina]
