2836 5034
151 292 217 361 340
440 310 704 362 raoaaoonanr
727 311 775 360 ou
797 309 1006 361 arrroumvs

542 398 551 425 t

146 457 318 538 promerito
339 456 456 534 costra,
478 459 678 539 oeqrciperare
700 457 736 520 111
756 477 867 538 queam
886 455 999 521 Ve'rcor
1020 455 1198 541 cogitatione
1212 456 1246 521 ul·

151 562 291 627 dendum
314 585 384 628 esse
407 585 443 628 ea
465 564 680 647 intellegitur,
703 568 736 627 et
759 562 903 628 eiusdem
921 565 1040 646 poetae
1058 560 1139 645 apud
1150 560 1248 629 Geltm

153 669 233 735 XIV
257 693 282 735 c.
309 674 324 734 1
350 693 446 735 versu

240 813 326 878 Nam
346 815 384 897 si,
402 835 484 897 quae
503 818 661 878 euentura
681 817 767 897 sunt,
784 810 990 896 prouideant,
1005 811 1252 896 aequipere'utloui

15 979 139 1019 rixxxrv
154 956 247 1020 valde
281 956 495 1040 probabiliter
523 960 701 1020 correctum
729 959 779 1020 est
806 957 1007 1038 aequiparem.
1054 953 1117 1019 Sed
1143 960 1212 1037 esto,
1227 956 1256 1019 iu·

152 1064 358 1128 transitivam
382 1064 448 1127 vim
472 1067 604 1128 tueatur
627 1062 801 1127 Pacuvius:
824 1066 860 1126 at
882 1063 930 1126 ita
952 1063 986 1127 in
1001 1062 1178 1127 Trinummi
1196 1084 1258 1126 11111

152 1169 232 1233 illud
262 1170 376 1234 saltem
405 1192 469 1233 non
497 1169 669 1234 tacendum
692 1168 813 1251 fuerat,
845 1191 927 1253 quae
950 1168 1083 1234 taudem
1106 1168 1138 1234 h.
1159 1192 1183 1234 a
1201 1169 1259 1234 cuin

152 1277 232 1340 fides
250 1277 332 1340 nulli
352 1277 569 1359 comparanda
588 1281 684 1360 esset,
703 1276 909 1342 scribendum
926 1275 1031 1361 igitur
1049 1282 1106 1342 tua
1124 1300 1179 1362 pro
1195 1296 1267 1361 salu,-

153 1387 286 1448 extema
308 1382 541 1467 probabilitate
565 1383 727 1449 mediocri.
759 1381 883 1448 Verum
906 1405 947 1448 ne
971 1385 1018 1450 sic
1041 1384 1169 1469 quidem
1189 1384 1267 1449 rel''

152 1490 340 1555 Plautinum
368 1489 521 1575 loquendi
548 1513 671 1555 morem
699 1490 779 1555 illud
807 1491 972 1576 convenit,
1005 1494 1043 1555 ut
1070 1492 1155 1557 nulli
1175 1492 1245 1557 ho'

153 1598 371 1682 comparanda
394 1619 465 1662 esse
481 1594 626 1662 Calliclis
649 1598 729 1662 fides
753 1597 880 1663 dicatur
901 1621 962 1682 pro
986 1620 1024 1663 eo
1044 1598 1131 1683 quod
1152 1597 1219 1664 est*

152 1706 215 1769 lius
239 1705 382 1769 hominis
406 1705 480 1768 fidei
488 1703 506 1787 ’,
530 1706 580 1769 vel
604 1707 637 1768 in
660 1705 843 1790 legitimam
862 1705 1028 1790 cogitandi
1047 1707 1209 1771 rationem

152 1815 203 1895 ut,
235 1812 325 1875 cuius
358 1811 541 1894 praedicare
574 1811 670 1874 fidem
703 1811 853 1896 velimus,
890 1812 1014 1878 nullius
1048 1813 1238 1899 comparant

153 1941 223 1983 esse
246 1919 321 1982 fidei
345 1918 489 1982 dicamus
514 1917 622 2001 potius
646 1940 742 2001 quam
770 1919 892 1983 nullius
914 1919 1012 1984 fidem
1035 1943 1112 1987 cum
1135 1922 1195 1986 illa
1215 1943 1246 1987 co

152 2026 338 2109 parandam.
383 2024 454 2089 Hae
482 2025 583 2108 igitur
612 2046 663 2089 me
687 2047 821 2090 caussae
843 2030 1016 2091 moverunt
1039 2031 1078 2092 ut
1101 2027 1245 2094 confides

153 2133 199 2197 sic
221 2153 406 2216 repararem
429 2131 615 2196 Plautinam
639 2131 851 2217 elegantiam:

220 2275 356 2351 Quoius
379 2275 458 2338 fides
481 2275 684 2358 fidelitasque
708 2275 847 2340 amicum
872 2297 950 2362 erga
977 2278 1172 2363 aequiperet
1199 2284 1255 2343 tau

152 2417 286 2483 Nullam
317 2421 425 2481 autem
456 2417 553 2481 fidem
584 2416 686 2481 habet
715 2440 743 2482 v.
770 2418 855 2482 1153
886 2417 1036 2484 aNonio
1066 2421 1204 2504 prodita
1229 2442 1261 2485 co

153 2525 291 2590 structio
319 2525 453 2606 dipnus
480 2526 592 2590 salutis
616 2525 676 2605 [sic
699 2523 830 2607 Trin.²]‚
862 2526 1009 2609 exemplo
1033 2527 1069 2591 in
1092 2532 1149 2592 tot
1172 2527 1258 2592 milit

152 2656 286 2716 prorsus
311 2633 475 2717 singulari.
521 2632 643 2696 Natum
671 2632 749 2695 illud
773 2633 846 2696 iude
871 2634 970 2717 quod,
1004 2656 1080 2698 cum
1106 2656 1244 2699 veruso

152 2743 250 2806 sulntc
281 2742 408 2822 stipans:
441 2741 535 2803 illlrnc
566 2762 642 2802 casu
672 2740 821 2804 turbatus
852 2741 886 2804 in
916 2742 1028 2823 (11911113
1056 2743 1177 2806 salute:
1210 2744 1222 2805 t

152 2849 338 2929 transisset,
371 2846 535 2911 tollendus
569 2869 638 2911 esse
671 2846 780 2910 hiatus
809 2846 986 2912 videbatur.
1033 2846 1239 2934 Quamquam

154 2955 303 3036 scriptori
332 2957 388 3037 qui
416 2955 550 3019 nimiam
575 2954 706 3017 omniuo
730 2953 826 3017 fidem
849 2954 984 3034 habeas,
1018 2976 1120 3038 quem
1146 2956 1229 3020 demi

153 3063 251 3124 etiam
278 3061 333 3124 tor
359 3066 457 3125 aetate
484 3083 500 3123 e
528 3083 557 3123 v.
583 3059 669 3123 1090
697 3058 811 3123 afferre
839 3065 875 3123 ut
898 3061 1069 3124 masculini
1095 3064 1224 3146 generis
1243 3082 1280 3124 er·

153 3169 307 3251 emplum:
337 3190 433 3251 quam
458 3189 518 3252 ego
543 3167 738 3249 scripturam
763 3189 779 3229 e
803 3172 990 3249 comparata
1012 3168 1068 3232 hoc
1093 3172 1205 3233 actrlis

153 3275 331 3339 structione
360 3280 465 3338 ortam
495 3278 582 3356 puto.
612 3271 752 3336 -Vno
781 3274 880 3337 verbo
908 3278 1044 3359 tangam
1072 3276 1179 3340 falsas
1210 3277 1258 3340 ide

153 3383 353 3465 pronominis
373 3382 638 3461 constructiones,
657 3383 808 3444 revocata
828 3381 910 3444 item
929 3381 1095 3464 particula
1114 3383 1228 3448 emend
1302 3430 1304 3435 -

153 3489 470 3552 15111631119.
491 3525 532 3534 -
556 3488 724 3551 Postremo
749 3487 869 3569 aliquid
893 3509 1082 3570 expromam
1109 3494 1143 3554 et
1167 3484 1272 3574 exqui'

153 3595 218 3657 tius
242 3617 302 3658 nec
325 3596 358 3658 in
382 3618 487 3658 meam
511 3595 639 3659 laudem
663 3593 783 3656 valens,
815 3592 900 3657 Nam
926 3595 1066 3677 quaein
1092 3598 1210 3682 vulgus
1232 3595 1280 3659 solt

153 3702 283 3782 cognita
311 3706 361 3764 est
388 3702 619 3785 particularum
642 3702 708 3764 sine
735 3698 818 3780 (sen)
841 3735 883 3745 -
906 3701 972 3763 stete
994 3699 1080 3783 (scu)
1109 3702 1281 3780 coniunctis,

153 3809 370 3889 comparanda
394 3831 431 3871 ea
456 3809 580 3892 graecis
605 3807 668 3872 εἴτε
694 3845 734 3852 -
760 3805 823 3870 εἴτε
849 3806 1031 3891 particulis,
1060 3831 1134 3874 eam
1160 3833 1230 3875 sero
1252 3809 1283 3870 iu·

152 3913 263 3977 tellexi
296 3916 329 3977 in
362 3915 497 3978 eandem
530 3920 657 3997 partem
690 3913 812 3977 variari
846 3918 944 3997 atque
976 3914 1004 3978 εἰ
1031 3952 1069 3960 -
1104 3916 1170 3982 εἴτε
1204 3922 1285 3981 ests

29 4045 138 4084 iixxxv
156 4020 286 4086 Graecis
306 4021 437 4084 dictum,
468 4021 571 4085 Plana
591 4025 728 4102 exstant,
751 4024 789 4083 ut
811 4020 845 4083 in
867 4019 918 4083 his
941 4042 1027 4084 nunc
1051 4016 1289 4106 acquiescum‘),

240 4251 265 4316 l⁵)
287 4252 349 4304 Non
368 4252 422 4304 huc
441 4252 579 4319 portinere
598 4250 731 4305 Pseuduli
750 4251 770 4316 Ι,
790 4255 815 4317 5,
836 4255 885 4302 129
905 4253 1032 4318 apparet,
1051 4251 1102 4305 nbi
1121 4269 1175 4321 per
1193 4255 1292 4308 seuten-

152 4340 221 4394 tiam
240 4358 275 4392 ne
295 4340 373 4392 licuit
393 4340 505 4406 quidem
525 4359 571 4394 scu
590 4359 640 4408 pro
658 4343 683 4394 si
702 4340 878 4394 substituere.
918 4337 1023 4392 Eadem
1040 4340 1119 4395 ratio
1137 4342 1239 4398 Pseud.
1257 4340 1294 4408 ll,

152 4438 178 4500 t,
197 4436 221 4482 9.
259 4429 343 4483 ltlcrc.
367 4431 399 4497 ll,
418 4438 443 4497 2,
464 4437 510 4482 40:
544 4447 634 4505 neque
654 4431 726 4483 eninr
748 4430 775 4482 in
796 4413 944 4497 sponsione
962 4428 1023 4482 siue
1040 4431 1118 4497 sinc,
1136 4432 1188 4486 sed
1205 4435 1231 4487 st
1247 4433 1297 4485 1111
