2836 5034
459 342 695 390 uannrmscua
719 342 846 389 annas.
1157 326 1221 391 cel

124 512 157 553 m
173 488 291 553 alterae
310 491 460 553 naturam
481 508 578 572 quarn
598 485 728 569 proprio
748 485 879 551 nomine
898 506 1061 568 vocamus,
1083 490 1224 551 mentem

124 617 255 660 masuam
289 595 353 660 sibi
385 593 646 678 investigandam
679 591 801 657 alterae
829 596 977 657 sumunt:
1013 591 1067 657 hic
1096 613 1225 677 queque

124 704 213 788 opria
242 724 315 768 esse
346 702 521 767 ambitioso
552 700 600 764 illi
631 700 840 783 comparandi
871 699 979 764 studio
1010 697 1101 765 sedes
1132 698 1225 765 solet

124 807 174 873 hil
196 808 283 874 enim
306 808 508 893 frequentius
531 830 590 872 usu
615 806 717 889 venit,
741 829 839 891 quam
862 811 899 871 ut
921 808 972 872 vel
996 805 1138 891 physicis
1167 828 1224 871 nu·

128 937 143 977 s
169 920 309 981 tractare
337 915 610 999 infructuosisque
639 913 896 1002 quaestiunculis
924 917 958 978 et
985 914 1026 979 ab
1055 914 1140 979 vitae
1168 912 1225 979 liu·

124 1042 198 1088 anae
216 1023 330 1089 usibus
349 1022 463 1087 alienis
482 1021 635 1087 delectari
655 1021 825 1107 philologi,
839 1021 997 1103 historici,
1015 1020 1225 1086 iureconsulti

124 1128 265 1214 leantur,
298 1130 348 1194 vel
376 1151 455 1213 prae
484 1128 629 1214 physicis
657 1128 691 1193 hi
720 1134 824 1194 semet
850 1126 1052 1193 fastidiosius
1082 1128 1226 1212 efferant,

124 1237 202 1323 lippe
224 1242 320 1305 tauto
340 1261 415 1304 suas
434 1237 622 1321 disciplinas
642 1237 744 1322 pluris
763 1236 930 1318 facientes,
953 1239 1075 1320 quanto
1099 1234 1226 1320 corpori

124 1365 175 1410 eus
203 1349 237 1410 et
264 1345 393 1410 animus
420 1348 575 1428 praestat
620 1343 738 1420 Qualia
760 1343 879 1409 iudicia
902 1342 983 1408 mihi
1006 1343 1134 1428 quidem
1158 1347 1226 1409 lam

124 1450 224 1536 sipida
252 1452 401 1519 videntur
428 1455 586 1536 tantaque
614 1472 685 1515 esse
716 1454 883 1536 tamquam
915 1449 1017 1534 pestis
1050 1449 1227 1532 doctrinae,

148 1581 187 1625 ex
214 1560 315 1624 animi
343 1561 504 1625 sententia
532 1556 807 1643 perhorrescenda
834 1563 868 1623 et
895 1557 1025 1624 bomine
1048 1557 1226 1623 liberaliter

124 1672 218 1732 neate
249 1689 381 1751 prorsus
409 1666 546 1750 indigna
572 1688 735 1749 censeam,
767 1669 864 1751 atque
892 1664 971 1730 adeo
995 1665 1140 1731 omnium
1162 1664 1226 1750 pri·

124 1793 186 1858 um,
209 1774 405 1859 simulatque
428 1774 469 1838 de
491 1773 623 1838 homine
646 1773 807 1856 litterato,
830 1794 924 1857 quem
947 1771 1089 1838 nondum
1112 1774 1228 1856 nomm,

124 1879 207 1944 antio
230 1879 352 1945 iniecta
375 1881 432 1963 sit,
461 1879 621 1945 sciscitari
644 1880 724 1945 illud
747 1880 884 1963 soleam,
906 1901 989 1964 quae
1011 1901 1110 1964 penes
1133 1880 1227 1945 illum

124 1988 132 2050 t
152 1990 340 2069 ceterarum,
363 1987 398 2051 in
421 1987 538 2071 quibus
558 1988 628 2072 ipse
647 2008 711 2052 non
732 1986 867 2069 habitet,
889 1987 1010 2053 artium
1029 1987 1227 2053 litterarum-

124 2117 146 2160 re
173 2094 386 2161 existimatio:
419 2117 483 2180 qua
511 2093 641 2179 quidem
669 2115 703 2157 rc
731 2094 911 2159 certissime
940 2094 1086 2161 ridemur
1119 2076 1251 2160 veram⁸

124 2204 265 2269 stainam
288 2201 536 2287 politioremque
559 2200 798 2266 humanitatem
822 2223 961 2267 censere.
992 2202 1067 2267 Non
1086 2201 1228 2287 impedio

124 2308 153 2375 lo
176 2310 287 2395 modo,
311 2311 344 2375 id
366 2308 452 2395 quod
476 2309 540 2373 iam
565 2308 804 2393 significabam,
827 2309 999 2393 quominus
1022 2329 1082 2373 sua
1105 2308 1229 2374 unicui·

124 2438 149 2482 re
174 2440 228 2482 ars
257 2440 332 2483 cara
355 2418 398 2482 sit
422 2420 551 2501 praeter
573 2420 709 2481 ceteras:
743 2421 777 2481 et
799 2421 850 2481 est
872 2416 967 2482 nobis
990 2414 1136 2501 profecto
1160 2419 1229 2481 tam

124 2544 163 2587 sa
188 2525 380 2609 philologia,
414 2527 451 2588 ut
477 2523 561 2588 nihil
591 2545 703 2607 supra3
736 2522 792 2587 sed
820 2527 853 2587 et
880 2526 989 2606 potest
1017 2528 1050 2588 et
1072 2522 1169 2588 debet
1191 2544 1230 2587 ca

124 2630 203 2694 uitas
227 2653 300 2695 cum
324 2653 362 2695 ea
386 2630 583 2695 liberalitate
607 2651 677 2692 esse
701 2629 886 2712 coniuncta,
910 2651 993 2713 quae
1017 2631 1149 2695 meritos
1173 2628 1229 2694 ho·

124 2756 183 2801 ores
215 2737 329 2802 alienis
363 2737 479 2802 studiis
512 2738 636 2801 tribuat
664 2736 873 2819 omniumque
904 2736 1034 2801 demum
1066 2738 1228 2802 consociu-

125 2865 178 2908 ene
199 2845 296 2930 (quae
318 2845 351 2909 in
374 2867 473 2909 unum
498 2845 669 2909 mortalem
693 2865 757 2907 non
781 2843 876 2926 cadit,
900 2845 955 2908 sed
974 2848 1082 2908 mente
1102 2849 1228 2908 tantum

124 2952 341 3038 leogitatione
364 2948 661 3036 comprehenditur)
685 2950 717 3014 id
741 2950 826 3015 effici
849 2950 1033 3035 intellegat,
1056 2951 1141 3035 quod
1165 2973 1229 3016 nou

124 3054 191 3124 imio
215 3059 387 3125 intervallo
417 3059 458 3122 ab
486 3058 557 3141 ipsa
585 3058 716 3122 notione
747 3057 900 3122 scientiae
928 3062 961 3121 et
990 3057 1230 3141 intellegentiae

124 3159 197 3230 har.
229 3167 319 3252 Ergo
342 3167 540 3230 detestamur
563 3169 595 3227 et
618 3164 845 3229 abominamur
870 3163 1060 3229 ambitiosas
1087 3165 1159 3230 illas
1184 3166 1230 3231 iu·

124 3268 295 3359 olentesque
317 3273 551 3353 contentiones,
574 3270 691 3356 quibus
714 3271 753 3334 de
777 3271 958 3355 principatu
983 3270 1122 3355 quodam
1143 3274 1232 3338 velut

124 3369 295 3466 ffiosophia
327 3384 359 3444 ct
388 3379 578 3463 disciplinae
609 3378 783 3442 historicae
816 3382 982 3443 certarunt
1016 3378 1232 3463 iniquissime:

124 3490 224 3554 uuum
254 3487 383 3572 quidem
415 3492 527 3551 ruutua
556 3486 639 3550 ratio
666 3506 730 3549 uon
760 3490 811 3549 est
844 3484 922 3565 alia,
955 3485 1017 3548 rrisi
1051 3486 1136 3569 quod
1171 3488 1231 3552 riis

124 3572 237 3677 hersa,
261 3594 317 3658 sed
341 3595 381 3659 iis
404 3616 505 3679 aeque
528 3592 734 3674 necessariis,
757 3592 796 3656 ad
821 3591 956 3656 eundem
980 3594 1077 3656 linear
1101 3598 1231 3659 eorrteu·

124 3676 188 3779 llllt,
206 3701 261 3784 qui
285 3705 336 3765 est
358 3700 541 3764 inveniendi
566 3700 646 3763 reri:
677 3699 841 3784 ceteroqui
864 3722 905 3763 ne
929 3721 949 3763 a
971 3722 1079 3763 rerum
1103 3701 1231 3785 quidem

124 3806 289 3879 'Canentis
312 3807 447 3872 diversis
471 3806 735 3890 proficiscuntur,
759 3807 814 3871 sed
838 3807 869 3871 in
895 3806 935 3871 iis
959 3807 1081 3890 pariter
1104 3832 1231 3875 versan-

124 3912 163 3987 Μ“,
181 3932 258 3996 quae
282 3916 414 3980 omnine
439 3914 617 3999 cognitioni
642 3913 801 3978 humanae
826 3914 972 3978 subiecta
995 3919 1131 3982 exstant.
1165 3914 1232 3981 Nec

124 3996 254 4118 teolegio
276 4024 379 4089 sicubi
404 4023 619 4107 principatum
644 4021 801 4105 (parandam
826 4024 967 4091 allbctat.
991 4025 1096 4107 inagis
1116 4025 1229 4089 hilera-
1247 4038 1278 4077 ¹¹

124 4110 158 4184 lli
176 4126 257 4194 fastu
277 4130 360 4215 agit:
384 4130 463 4194 deus
482 4129 577 4211 enim,
602 4133 636 4193 ut
656 4128 767 4212 paucis
786 4129 992 4212 complectar,
1017 4131 1048 4195 iu
1068 4130 1232 4213 oiuiribus5

124 4216 133 4276 l
158 4235 333 4316 quaerimus
361 4235 455 4300 deum
484 4257 610 4299 omnes:
644 4235 683 4299 ad
711 4235 912 4321 eundemque
941 4236 1144 4320 perveniunt,
1177 4238 1232 4323 qiu

124 4345 173 4405 stur
191 4343 224 4408 id
247 4348 363 4429 agrmt,
385 4349 423 4408 ut
445 4366 551 4409 rerum
577 4344 768 4408 varietatem
793 4343 860 4408 sive
884 4344 1041 4409 historiae
1066 4344 1136 4409 luce
1160 4343 1233 4408 illu·

124 4452 229 4515 mum
256 4450 326 4514 sive
354 4451 471 4515 mentis
499 4451 567 4515 acie
590 4451 793 4516 enucleatam
818 4451 926 4517 animo
951 4449 1234 4535 comprehendant,
