2886 5032
165 309 231 374 662
544 314 778 365 nnrnnnsons
803 314 933 363 nanas.

167 470 243 534 ante
267 469 414 530 actarum
438 460 641 543 memoriam,
669 479 767 543 quam
794 456 953 523 historiae
977 458 1111 523 nominc
1133 457 1277 541 complecti·

166 596 246 656 mur,
269 594 308 636 ex
332 590 442 634 earum
465 588 574 631 rerum
597 566 675 630 orbe
703 564 773 628 sine
800 585 893 628 mora
922 563 1278 649 exconsummata

168 703 241 747 cum
270 679 377 743 fructu
406 678 440 739 et
467 694 559 738 mens
588 671 659 736 acui
682 673 716 735 et
737 669 867 734 incitari
889 669 1043 735 voluntas
1066 674 1102 736 ct
1122 668 1279 737 conformari

169 786 297 852 animus
326 783 488 847 humanus
518 778 622 844 adhuc
650 777 792 842 creditus
817 780 883 861 est,
905 799 967 842 nec
991 777 1026 843 in
1051 776 1219 843 Germania
1234 781 1280 841 m-

168 898 239 958 tum
264 889 421 970 creditus,
445 886 501 951 sed
524 886 608 950 inter
631 906 685 948 eas
709 884 798 967 ipsas
822 887 951 969 gentes,
975 906 1115 969 quarum
1138 883 1281 968 exemploru

170 999 263 1064 unice
286 993 476 1060 intuendum
500 995 534 1056 et
557 989 753 1076 sequendum
784 990 906 1055 inertes
935 990 984 1055 illi
1007 991 1186 1058 nebulones
1208 987 1282 1056 clani·

172 1107 260 1186 tant,
287 1101 464 1166 Britannos
492 1097 797 1182 Francogallosque.
843 1096 904 1173 Qui
935 1097 963 1161 si
994 1096 1073 1183 quid
1102 1103 1223 1184 practer
1244 1116 1282 1159 nos

172 1209 381 1296 praecipuum
410 1207 444 1270 in
472 1202 640 1290 republica
665 1202 804 1286 habent,
833 1224 899 1268 non
929 1202 963 1268 id
990 1203 1139 1289 profecto
1168 1203 1283 1289 magias

174 1338 208 1381 se
231 1336 329 1399 quam
352 1313 519 1377 internos
542 1309 701 1394 neglectis
725 1309 930 1394 antiquitatis
954 1309 1073 1375 studiis
1097 1311 1283 1392 debentque

173 1422 208 1485 in
237 1440 354 1504 genere
382 1420 540 1503 quantum
569 1420 633 1500 est,
660 1437 724 1501 quo
750 1437 811 1481 nos
838 1415 907 1480 illis
934 1417 1081 1501 potiores
1111 1417 1219 1500 simus,
1238 1420 1283 1480 ul·

174 1533 244 1592 tum
272 1525 439 1589 habebunt
466 1523 552 1609 quod
579 1523 743 1588 nobismet
769 1523 937 1588 invideant
959 1524 1000 1588 ab
1025 1524 1207 1610 eisdemque
1224 1541 1285 1606 repe

174 1636 255 1696 tant
300 1631 437 1695 Possum
465 1629 545 1695 haec
572 1629 722 1714 persequi
750 1628 895 1714 longius:
926 1628 983 1694 sed
1012 1629 1109 1696 redeo
1137 1632 1215 1696 unde
1237 1649 1285 1713 pro

175 1737 278 1801 fectus
308 1758 388 1801 sum.
433 1735 558 1800 Eorum
586 1736 672 1800 enim
701 1756 783 1820 quaa
807 1735 940 1818 exposui
962 1736 1136 1802 veritatem
1159 1739 1216 1803 etsi
1233 1733 1286 1801 satis

145 1873 166 1912 x
182 1844 324 1909 munisse
348 1843 609 1909 ratiocinationis
633 1843 665 1907 vi
688 1843 846 1926 ridemur,
873 1847 984 1908 tamen
1012 1844 1041 1909 si
1064 1846 1163 1910 etiam
1185 1838 1286 1909 auctori·

176 1950 256 2015 tatis
289 1949 429 2033 pondere
466 1950 651 2015 confirmari
685 1950 845 2036 postules,
876 1972 996 2036 ecquae
1025 1952 1160 2036 reperiri
1191 1948 1286 2038 gravior

177 2078 274 2141 quam
293 2053 472 2122 Gvrcannr
496 2057 722 2145 anaonnnn
744 2057 908 2141 potuerit?
954 2058 1017 2135 Qui
1040 2059 1171 2143 quidem
1193 2059 1285 2123 tanbn

177 2164 272 2229 abest
293 2167 331 2229 ut
354 2164 530 2229 subsistere
559 2186 655 2250 posse
678 2166 712 2229 in
735 2186 773 2229 eo
797 2186 892 2249 quem
916 2164 1115 2233 instituisset
1138 2188 1227 2232 cursu
1243 2161 1286 2226 siu

177 2291 279 2356 genus
306 2269 486 2336 humanum
514 2272 582 2337 sive
610 2273 712 2337 vitam
740 2271 946 2356 populorum,
978 2271 1097 2338 nedum
1126 2277 1210 2338 retro
1232 2261 1286 2335 sert

177 2377 361 2456 crediderit,
394 2381 430 2441 ut
462 2399 527 2442 non
559 2377 622 2442 nisi
650 2376 886 2463 progrediendo
917 2376 956 2442 ad
987 2378 1219 2446 beatitudinem
1240 2391 1285 2460 pat

178 2485 281 2549 veniri
312 2489 345 2549 et
374 2483 659 2569 persuasissimum
691 2483 841 2548 habuerit
870 2487 904 2548 et
931 2483 1113 2550 luculenter
1141 2508 1196 2551 suo
1217 2479 1286 2569 ipsu

179 2591 324 2676 exemplo
344 2590 580 2675 comprobarit:
606 2627 647 2636 -
672 2594 837 2655 ettamen
859 2590 954 2674 idem,
977 2591 1006 2655 si
1029 2592 1104 2676 quis
1128 2593 1216 2676 alius,
1234 2601 1286 2673 qnae

178 2699 226 2762 vis
250 2703 336 2763 esset
358 2697 529 2780 historiae,
557 2696 635 2762 adeo
664 2700 884 2782 perspexerat,
913 2700 949 2762 ut
976 2701 1010 2763 et
1040 2699 1186 2764 veritatis
1211 2699 1286 2762 incr

178 2805 290 2869 tricem
310 2810 343 2869 et
361 2803 595 2888 indagatricem
616 2804 744 2869 virtutis
764 2804 979 2889 vitiorumque
998 2805 1216 2888 expultricem,
1231 2793 1286 2865 deni·

178 2934 238 2995 que
269 2911 354 2975 vitae
385 2909 499 2974 ducem
534 2915 567 2974 et
596 2910 787 2994 magistram
818 2933 889 2975 cum
924 2911 1167 2995 sapientissimo
1198 2919 1305 2995 quoqu?-

178 3019 386 3082 existimaret.
415 3050 457 3061 -
485 3014 554 3080 Nec
582 3021 692 3081 tamen
719 3017 826 3082 minus
854 3018 896 3081 ab
927 3017 991 3081 alia
1020 3017 1077 3082 ille
1111 3013 1286 3102 perversius

177 3125 299 3187 alienus
320 3128 397 3206 erat,
421 3145 518 3208 quam
538 3123 571 3186 in
590 3123 657 3188 dies
676 3146 805 3207 serpere
825 3125 921 3189 latius
945 3129 978 3188 et
999 3125 1209 3208 perniciosius
1230 3137 1287 3208 gru·

178 3230 244 3293 sari
266 3252 331 3293 non
355 3231 424 3294 sine
449 3252 573 3293 summo
598 3252 741 3295 maerore
761 3231 1005 3315 vehementique
1029 3231 1245 3318 indignatione
1261 3221 1289 3286 ll·

178 3337 297 3400 demus.
346 3335 408 3400 Vix
437 3338 523 3402 enim
553 3359 623 3402 esse
647 3338 771 3421 credas,
799 3339 863 3403 nisi
891 3337 1023 3403 cottidie
1053 3341 1229 3422 experiare,
1250 3342 1290 3398 ter·

178 3442 260 3506 tium
280 3463 382 3526 genus
402 3443 564 3528 quoddam
584 3443 761 3523 hominum,
786 3446 836 3509 vel
857 3445 1082 3509 tenebrionum
1101 3447 1292 3529 potiusquam

178 3548 358 3634 hominnm,
386 3550 455 3634 qui,
483 3572 618 3615 caecans
646 3551 821 3634 cupiditate
850 3551 978 3636 abrepti
1007 3551 1113 3615 dicam
1144 3575 1184 3617 an
1206 3545 1294 3615 indolis

178 3654 372 3721 hebetudine
395 3656 584 3739 praepediti,
607 3678 624 3721 c
649 3657 817 3742 religionis
836 3658 1045 3741 potissimum
1066 3655 1295 3729 armamentario,

178 3766 211 3826 et
239 3762 307 3826 eius
336 3761 465 3846 quidem
493 3762 674 3848 religionis,
703 3785 784 3848 quae
813 3764 958 3829 caritatis
988 3769 1086 3850 atque
1115 3765 1253 3832 veritatis
1272 3762 1295 3824 ul

177 3870 316 3934 habetur
345 3869 392 3932 ita
420 3871 481 3951 est,
509 3868 575 3933 tela
602 3874 716 3952 petant
744 3871 783 3934 ad
813 3869 955 3935 Graecae
984 3870 1214 3959 Romanaeque
1238 3866 1296 3935 anti·

178 3977 312 4060 quitatis
346 3997 418 4040 cum
451 3976 631 4061 ingenitam
658 3979 893 4060 praestantiam
926 3984 995 4043 tum
1028 3980 1185 4045 hodierna
1215 3974 1297 4044 studia

177 4081 407 4168 impugnanda,
426 4080 465 4146 de
483 4083 593 4147 nescio
613 4106 677 4167 quo
695 4085 838 4169 periculo
858 4087 1068 4169 somniantes,
1087 4088 1173 4173 quod
1191 4110 1207 4151 e
1225 4088 1297 4166 longe

178 4188 392 4253 illustrissimi
426 4187 638 4255 humanitatis
671 4192 809 4276 exempli
843 4193 1043 4276 cogitatione
1076 4200 1171 4280 atque
1202 4194 1297 4258 tracta·

178 4296 266 4361 tione
290 4295 459 4360 imminere
482 4318 547 4360 non
571 4301 639 4362 tam
662 4299 775 4363 virtuti
800 4303 833 4362 ct
861 4300 955 4365 honis
984 4302 1129 4366 moribus
1154 4305 1186 4366 et
1207 4291 1298 4384 pietati

179 4425 274 4487 quam
290 4401 495 4468 Christianae
513 4402 587 4467 fidei
602 4405 766 4470 sanctitati
781 4409 929 4489 crepant:
949 4408 1043 4492 quasi
1058 4409 1108 4473 vel
1122 4407 1205 4490 huic,
1221 4398 1297 4469 modo
