2836 5034
403 355 667 429 anaanamoms
691 354 901 402 ennemase.
1164 336 1229 400 509

130 506 200 586 rapte
220 505 339 567 natura
363 501 518 586 ambigua
537 504 628 565 sunt:
652 501 740 566 velut
759 500 873 565 eodem
893 500 962 565 iure
981 522 1053 564 cum
1074 498 1228 563 subiectis

130 610 194 673 ubis
216 614 314 695 atque
337 631 411 674 cum
434 608 621 692 praemissis
646 611 689 671 est
712 612 745 670 et
766 608 817 671 uis
836 606 966 671 voculas
987 605 1127 670 sociabis
1141 604 1229 669 Trio.

141 713 189 780 18.
214 717 297 781 Ἱ44ε

173 857 258 924 Huic
282 862 396 944 graece
420 881 538 924 nornen
562 861 613 924 est
635 859 826 923 Thensauro
850 857 987 921 fribulae.

173 964 269 1032 Nunc
292 967 320 1031 si
344 966 484 1051 dpperiri
507 964 558 1030 uis
583 957 757 1032 aduentum
781 963 975 1030 Cheirmidis.

130 1109 134 1173 i
157 1109 301 1194 aliquam
327 1109 611 1192 semiseptenariae
635 1108 881 1173 similitudinem
906 1108 1077 1172 verborum
1100 1106 1229 1171 ordines

130 1216 259 1298 redunt,
291 1215 345 1279 ubi
379 1217 639 1300 monosyllabum
673 1238 784 1280 vocem
818 1215 881 1279 alia
913 1235 973 1278 vox
1004 1214 1228 1298 monosyllaba

130 1323 218 1408 ripis,
242 1328 280 1387 ut
303 1346 330 1388 v.
356 1324 426 1386 117.
455 1324 529 1387 144:

173 1465 239 1543 Qui
263 1461 342 1531 tdae
366 1466 536 1531 mandatus
560 1466 610 1529 cst
634 1465 695 1529 fide
718 1469 752 1529 et
775 1466 927 1531 tiddeias:

173 1573 222 1637 Vt
246 1574 325 1637 nrssri
347 1595 477 1638 necesse
501 1571 632 1637 sitiam
657 1573 688 1637 id
713 1573 774 1637 tibi
798 1573 1001 1638 concredere:
1229 1594 1375 1635 ecrrxxxr

130 1740 149 1782 o
174 1716 290 1782 referri
315 1717 411 1780 etiam
436 1740 464 1780 v.
487 1718 551 1781 471
577 1721 699 1801 potest:

175 1858 210 1925 Si
237 1858 289 1924 illr'
310 1864 483 1945 congestae
507 1858 573 1925 sint
597 1859 712 1944 epulae
735 1882 755 1924 a
778 1859 969 1924 cluentibus.

130 2004 150 2069 d
183 2002 368 2067 inevitabili
405 2003 656 2066 constructionis
694 2002 887 2066 necessitate
923 2022 995 2065 eum
1034 2003 1231 2088 praegressis

130 2111 316 2194 rnosyllaba
347 2109 505 2173 vocabula
537 2109 645 2172 vincta
677 2114 754 2173 sunt
786 2130 813 2172 v.
847 2110 899 2173 56.
935 2109 1009 2173 393.
1046 2108 1120 2173 417.
1157 2110 1231 2174 470.

130 2216 268 2281 arad:

176 2321 275 2387 Viuit
297 2322 484 2407 uictumque
508 2323 566 2386 esa
604 2321 693 2386 Bene
716 2322 824 2386 hercle
846 2322 990 2388 nuntiae.

176 2428 302 2493 Verum
326 2429 460 2494 meliora
484 2431 559 2492 sunt
584 2450 681 2512 quam
705 2449 788 2513 quae
810 2427 1007 2493 dete'rruma.

176 2535 357 2616 Postqudm
381 2536 517 2600 comedit
542 2538 623 2617 rem,
647 2538 722 2617 post
744 2536 902 2600 rationdm
928 2540 1029 2619 putat.

177 2643 340 2727 adposita
364 2666 442 2706 cena
465 2642 522 2725 sit,
546 2644 736 2727 popularem
761 2645 857 2726 qudm
883 2649 1008 2708 uocant.

176 2749 256 2814 Sine
280 2750 370 2832 ddte,
393 2772 490 2833 quom
514 2750 582 2813 eius
607 2752 674 2813 rem
699 2773 797 2833 penes
822 2773 872 2813 ine
896 2750 1033 2815 habedm
1058 2750 1154 2815 dorni.

182 2859 303 2922 Parata
326 2858 384 2921 dos
408 2858 493 2921 dorni
519 2861 580 2922 est:
604 2858 665 2921 nisi
691 2861 877 2942 exspeetdre
902 2859 960 2922 uis.

130 3001 182 3065 ddo
210 3002 328 3065 Bacch.
352 3004 425 3065 841.
453 3003 535 3065 1006
561 3003 649 3080 [880.
678 3002 791 3079 104512

179 3144 277 3207 Saliis
302 3145 438 3207 seruasti
464 3147 521 3207 rue.
560 3168 655 3227 quam
682 3168 753 3208 mox
779 3144 851 3207 dico
875 3144 982 3208 dabo?

180 3249 214 3314 Si
241 3251 314 3334 plus
339 3252 538 3334 perdundum
562 3252 619 3335 sit,
643 3253 764 3334 perisse
788 3253 944 3318 sudumst.

130 3415 186 3458 nnc
218 3394 318 3477 igitur
349 3394 414 3456 sive
447 3399 573 3477 gratam
605 3396 671 3458 sive
703 3396 807 3459 minus
839 3403 966 3478 gratam
996 3397 1233 3483 neglegentiam

130 3501 264 3567 tendum
291 3505 342 3563 est
370 3502 508 3583 speciem
536 3502 644 3584 pofius
673 3503 833 3584 quandam
863 3504 998 3567 rationis
1023 3528 1118 3587 apuam
1150 3508 1235 3573 loen·

130 3604 213 3672 istem
237 3608 397 3671 rationem
422 3609 526 3691 sequi:
550 3608 622 3691 plus
647 3609 731 3671 enirn
756 3610 788 3671 in
814 3609 863 3670 his
888 3609 1085 3691 syliabarum
1112 3617 1235 3679 vocma

130 3737 205 3780 urse
230 3714 416 3778 articulatio
441 3715 541 3778 valuit
567 3716 748 3778 sententiae
773 3715 899 3779 vinculo
924 3719 1113 3802 soluturum,
1137 3746 1234 3807 quarn

158 3822 308 3888 subiecta
340 3822 401 3885 sibi
436 3821 532 3885 verba
564 3822 732 3886 dominans
766 3830 910 3905 potestas
944 3830 1132 3892 sententiae.
1190 3831 1235 3893 la·

130 3952 155 3995 io
184 3929 268 4001 satis
297 3933 381 3991 recte
410 3927 568 3992 Beckerus
597 3930 698 3993 sensit
725 3934 854 4004 Quaest.
883 3931 921 3995 de
950 3955 1028 3997 conr.
1054 3934 1146 4000 itam.
1172 3940 1236 4001 iat».

150 4038 225 4102 105.

182 4143 268 4209 Cum
297 4164 446 4206 caesurae
475 4148 581 4206 autem
610 4145 789 4208 rationibus
817 4148 1084 4229 quemadmodum
1112 4154 1142 4216 in
1169 4178 1237 4237 sep·

130 4253 229 4319 rariis
259 4249 380 4332 dactyli
411 4250 443 4312 in
468 4255 583 4331 quarto
608 4251 700 4334 pede,
733 4253 778 4315 ita
807 4254 838 4317 in
869 4258 1004 4319 senariis
1033 4264 1234 4342 anapaesti

150 4357 285 4425 tertio
314 4377 392 4418 usus
420 4355 698 4421 coniunctissimus
727 4366 789 4440 est,
817 4361 856 4424 ad
881 4386 975 4446 quern
1002 4390 1083 4429 noire
1108 4368 1236 4431 dermrm

130 4468 268 4534 'ertitur
287 4462 401 4525 oratio.
429 4460 566 4526 Rursum
591 4470 697 4527 auteur
721 4469 987 4548 ‹prremadmodnm
1014 4496 1032 4534 a
1056 4478 1235 4556 septenarii
