<?xml version="1.0" encoding="UTF-8"?>
<!DOCTYPE html PUBLIC "-//W3C//DTD XHTML 1.0 Transitional//EN"
    "http://www.w3.org/TR/xhtml1/DTD/xhtml1-transitional.dtd">
<html xmlns="http://www.w3.org/1999/xhtml" xml:lang="en" lang="en">
 <head>
  <title>
</title>
<meta http-equiv="Content-Type" content="text/html;charset=utf-8" />
  <meta name='ocr-system' content='tesseract 3.04.00' />
  <meta name='ocr-capabilities' content='ocr_page ocr_carea ocr_par ocr_line ocrx_word'/>
</head>
<body>
  <div class='ocr_page' id='page_1' title='image "./fridericiritsch00ritsgoog_0493.png"; bbox 0 0 2836 5034; ppageno 0'>
   <div class='ocr_carea' id='block_1_1' title="bbox 418 330 1234 415">
    <p class='ocr_par' dir='ltr' id='par_1_1' title="bbox 418 330 1234 415">
     <span class='ocr_line' id='line_1_1' title="bbox 418 330 1234 415; baseline 0.001 -22"><span class='ocrx_word' id='word_1_1' title='bbox 418 345 680 415; x_wconf 71' lang='lat' dir='ltr'><strong>sussusrroursj</strong></span> <span class='ocrx_word' id='word_1_2' title='bbox 706 346 913 393; x_wconf 49' lang='lat' dir='ltr'><strong>rrrrvrrsss.</strong></span> <span class='ocrx_word' id='word_1_3' title='bbox 1110 350 1113 355; x_wconf 92' lang='lat'>·</span> <span class='ocrx_word' id='word_1_4' title='bbox 1171 330 1234 394; x_wconf 79' lang='grc'><strong>471</strong></span> 
     </span>
    </p>
   </div>
   <div class='ocr_carea' id='block_1_2' title="bbox 134 487 1236 681">
    <p class='ocr_par' dir='ltr' id='par_1_2' title="bbox 134 487 1236 681">
     <span class='ocr_line' id='line_1_2' title="bbox 134 487 1236 574; baseline 0 -22"><span class='ocrx_word' id='word_1_5' title='bbox 134 505 177 552; x_wconf 74' lang='lat' dir='ltr'><strong>am</strong></span> <span class='ocrx_word' id='word_1_6' title='bbox 199 489 354 555; x_wconf 85' lang='lat' dir='ltr'><strong>absonum</strong></span> <span class='ocrx_word' id='word_1_7' title='bbox 383 494 435 554; x_wconf 88' lang='lat' dir='ltr'><strong>est</strong></span> <span class='ocrx_word' id='word_1_8' title='bbox 458 488 496 552; x_wconf 90' lang='lat' dir='ltr'><strong>de</strong></span> <span class='ocrx_word' id='word_1_9' title='bbox 521 489 641 554; x_wconf 68' lang='grc' dir='ltr'><strong>ίάηιὲὶεί</strong></span> <span class='ocrx_word' id='word_1_10' title='bbox 663 489 818 574; x_wconf 81' lang='lat' dir='ltr'><strong>cogitare.</strong></span> <span class='ocrx_word' id='word_1_11' title='bbox 863 488 1022 554; x_wconf 86' lang='lat' dir='ltr'><strong>Vitiosior</strong></span> <span class='ocrx_word' id='word_1_12' title='bbox 1044 487 1144 554; x_wconf 78' lang='lat' dir='ltr'><strong>eliam</strong></span> <span class='ocrx_word' id='word_1_13' title='bbox 1168 487 1236 553; x_wconf 84' lang='lat' dir='ltr'><strong>Mil.</strong></span> 
     </span>
     <span class='ocr_line' id='line_1_3' title="bbox 134 584 1085 681; baseline -0.003 -19"><span class='ocrx_word' id='word_1_14' title='bbox 134 584 165 675; x_wconf 72' lang='lat' dir='ltr'><strong>J,</strong></span> <span class='ocrx_word' id='word_1_15' title='bbox 186 599 208 681; x_wconf 92' lang='lat' dir='ltr'><strong>l,</strong></span> <span class='ocrx_word' id='word_1_16' title='bbox 229 598 272 662; x_wconf 86' lang='grc'><strong>36</strong></span> <span class='ocrx_word' id='word_1_17' title='bbox 296 596 462 678; x_wconf 81' lang='lat' dir='ltr'><strong>geminum</strong></span> <span class='ocrx_word' id='word_1_18' title='bbox 487 600 698 680; x_wconf 77' lang='lat' dir='ltr'><strong>anapaestum</strong></span> <span class='ocrx_word' id='word_1_19' title='bbox 722 595 885 680; x_wconf 86' lang='lat' dir='ltr'><strong>excipiens</strong></span> <span class='ocrx_word' id='word_1_20' title='bbox 910 594 1085 679; x_wconf 84' lang='lat' dir='ltr'><strong>spondeus:</strong></span> 
     </span>
    </p>
   </div>
   <div class='ocr_carea' id='block_1_3' title="bbox 185 735 779 822">
    <p class='ocr_par' dir='ltr' id='par_1_3' title="bbox 185 735 779 822">
     <span class='ocr_line' id='line_1_4' title="bbox 185 735 779 822; baseline -0.007 -17"><span class='ocrx_word' id='word_1_21' title='bbox 185 739 274 805; x_wconf 79' lang='lat' dir='ltr'><strong>Chiro</strong></span> <span class='ocrx_word' id='word_1_22' title='bbox 299 738 400 805; x_wconf 87' lang='lat' dir='ltr'><strong>oculis</strong></span> <span class='ocrx_word' id='word_1_23' title='bbox 424 738 533 819; x_wconf 79' lang='lat' dir='ltr'><strong>uideo,</strong></span> <span class='ocrx_word' id='word_1_24' title='bbox 556 735 670 822; x_wconf 87' lang='lat' dir='ltr'><strong>pernix</strong></span> <span class='ocrx_word' id='word_1_25' title='bbox 693 760 779 819; x_wconf 89' lang='lat' dir='ltr'><strong>sum,</strong></span> 
     </span>
    </p>
   </div>
   <div class='ocr_carea' id='block_1_4' title="bbox 134 872 1235 1178">
    <p class='ocr_par' dir='ltr' id='par_1_4' title="bbox 134 872 1235 1178">
     <span class='ocr_line' id='line_1_5' title="bbox 134 872 1235 966; baseline 0.001 -22"><span class='ocrx_word' id='word_1_26' title='bbox 134 872 159 944; x_wconf 81' lang='lat' dir='ltr'><strong>bi</strong></span> <span class='ocrx_word' id='word_1_27' title='bbox 175 902 239 947; x_wconf 82' lang='lat' dir='ltr'><strong>cum</strong></span> <span class='ocrx_word' id='word_1_28' title='bbox 255 882 371 965; x_wconf 66' lang='lat' dir='ltr'><strong>perso</strong></span> <span class='ocrx_word' id='word_1_29' title='bbox 393 880 686 966; x_wconf 75' lang='lat' dir='ltr'><strong>transponendum:</strong></span> <span class='ocrx_word' id='word_1_30' title='bbox 719 879 864 945; x_wconf 90' lang='lat' dir='ltr'><strong>omnium</strong></span> <span class='ocrx_word' id='word_1_31' title='bbox 889 885 997 946; x_wconf 85' lang='lat' dir='ltr'><strong>aulam</strong></span> <span class='ocrx_word' id='word_1_32' title='bbox 1021 880 1177 963; x_wconf 83' lang='lat' dir='ltr'><strong>marimo,</strong></span> <span class='ocrx_word' id='word_1_33' title='bbox 1208 880 1235 945; x_wconf 91' lang='lat' dir='ltr'><strong>si</strong></span> 
     </span>
     <span class='ocr_line' id='line_1_6' title="bbox 134 984 1235 1069; baseline -0.001 -19"><span class='ocrx_word' id='word_1_34' title='bbox 134 1006 188 1055; x_wconf 84' lang='lat' dir='ltr'><strong>ren</strong></span> <span class='ocrx_word' id='word_1_35' title='bbox 210 989 326 1054; x_wconf 89' lang='lat' dir='ltr'><strong>horum</strong></span> <span class='ocrx_word' id='word_1_36' title='bbox 350 1010 482 1053; x_wconf 88' lang='lat' dir='ltr'><strong>sensum</strong></span> <span class='ocrx_word' id='word_1_37' title='bbox 505 987 620 1069; x_wconf 89' lang='lat' dir='ltr'><strong>habeo,</strong></span> <span class='ocrx_word' id='word_1_38' title='bbox 643 986 866 1052; x_wconf 85' lang='lat' dir='ltr'><strong>intolerabiles</strong></span> <span class='ocrx_word' id='word_1_39' title='bbox 889 986 923 1051; x_wconf 89' lang='lat' dir='ltr'><strong>hi</strong></span> <span class='ocrx_word' id='word_1_40' title='bbox 947 989 1098 1052; x_wconf 88' lang='lat' dir='ltr'><strong>accentus</strong></span> <span class='ocrx_word' id='word_1_41' title='bbox 1118 984 1235 1052; x_wconf 83' lang='lat' dir='ltr'><strong>Bacch.</strong></span> 
     </span>
     <span class='ocr_line' id='line_1_7' title="bbox 134 1091 289 1178; baseline -0.013 -17"><span class='ocrx_word' id='word_1_42' title='bbox 134 1091 289 1178; x_wconf 76' lang='lat' dir='ltr'><strong>l⁴l[426]:</strong></span> 
     </span>
    </p>
   </div>
   <div class='ocr_carea' id='block_1_5' title="bbox 134 1186 1137 1571">
    <p class='ocr_par' dir='ltr' id='par_1_5' title="bbox 134 1186 1137 1571">
     <span class='ocr_line' id='line_1_8' title="bbox 179 1186 1137 1287; baseline -0.002 -20"><span class='ocrx_word' id='word_1_43' title='bbox 179 1186 266 1267; x_wconf 77' lang='lat' dir='ltr'><strong>rlnlc</strong></span> <span class='ocrx_word' id='word_1_44' title='bbox 290 1203 392 1268; x_wconf 90' lang='lat' dir='ltr'><strong>solem</strong></span> <span class='ocrx_word' id='word_1_45' title='bbox 416 1203 598 1267; x_wconf 71' lang='lat' dir='ltr'><strong>ccorierrtein</strong></span> <span class='ocrx_word' id='word_1_46' title='bbox 622 1202 686 1267; x_wconf 91' lang='lat' dir='ltr'><strong>nisi</strong></span> <span class='ocrx_word' id='word_1_47' title='bbox 709 1200 751 1266; x_wconf 18' lang='lat' dir='ltr'><strong>in,</strong></span> <span class='ocrx_word' id='word_1_48' title='bbox 766 1202 965 1287; x_wconf 80' lang='lat' dir='ltr'><strong>palaestram</strong></span> <span class='ocrx_word' id='word_1_49' title='bbox 988 1204 1137 1267; x_wconf 73' lang='lat' dir='ltr'><strong>ueneras:</strong></span> 
     </span>
     <span class='ocr_line' id='line_1_9' title="bbox 134 1343 947 1429; baseline -0.005 -18"><span class='ocrx_word' id='word_1_50' title='bbox 134 1346 143 1411; x_wconf 95' lang='lat' dir='ltr'><strong>i</strong></span> <span class='ocrx_word' id='word_1_51' title='bbox 165 1369 279 1411; x_wconf 83' lang='lat' dir='ltr'><strong>versus</strong></span> <span class='ocrx_word' id='word_1_52' title='bbox 303 1344 374 1409; x_wconf 85' lang='lat' dir='ltr'><strong>vide</strong></span> <span class='ocrx_word' id='word_1_53' title='bbox 398 1348 520 1429; x_wconf 87' lang='lat' dir='ltr'><strong>quanto</strong></span> <span class='ocrx_word' id='word_1_54' title='bbox 545 1344 648 1410; x_wconf 88' lang='lat' dir='ltr'><strong>lenius</strong></span> <span class='ocrx_word' id='word_1_55' title='bbox 672 1345 763 1410; x_wconf 83' lang='lat' dir='ltr'><strong>velut</strong></span> <span class='ocrx_word' id='word_1_56' title='bbox 786 1343 831 1409; x_wconf 90' lang='lat' dir='ltr'><strong>sic</strong></span> <span class='ocrx_word' id='word_1_57' title='bbox 855 1343 947 1409; x_wconf 85' lang='lat' dir='ltr'><strong>fluat:</strong></span> 
     </span>
     <span class='ocr_line' id='line_1_10' title="bbox 176 1471 908 1571; baseline -0.003 -19"><span class='ocrx_word' id='word_1_58' title='bbox 176 1471 265 1554; x_wconf 71' lang='lat' dir='ltr'><strong>riute</strong></span> <span class='ocrx_word' id='word_1_59' title='bbox 290 1488 391 1554; x_wconf 87' lang='lat' dir='ltr'><strong>solem</strong></span> <span class='ocrx_word' id='word_1_60' title='bbox 415 1486 480 1553; x_wconf 85' lang='lat' dir='ltr'><strong>nisi</strong></span> <span class='ocrx_word' id='word_1_61' title='bbox 504 1494 539 1554; x_wconf 87' lang='lat' dir='ltr'><strong>tu</strong></span> <span class='ocrx_word' id='word_1_62' title='bbox 562 1488 744 1553; x_wconf 60' lang='lat' dir='ltr'><strong>aaronis</strong></span> <span class='ocrx_word' id='word_1_63' title='bbox 767 1485 800 1552; x_wconf 92' lang='lat' dir='ltr'><strong>in</strong></span> <span class='ocrx_word' id='word_1_64' title='bbox 824 1508 855 1571; x_wconf 89' lang='lat' dir='ltr'><strong>p.</strong></span> <span class='ocrx_word' id='word_1_65' title='bbox 879 1511 908 1551; x_wconf 94' lang='lat' dir='ltr'><strong>u.</strong></span> 
     </span>
    </p>
   </div>
   <div class='ocr_carea' id='block_1_6' title="bbox 133 1630 1383 3534">
    <p class='ocr_par' dir='ltr' id='par_1_6' title="bbox 133 1630 1383 3534">
     <span class='ocr_line' id='line_1_11' title="bbox 178 1630 1235 1715; baseline -0.001 -19"><span class='ocrx_word' id='word_1_66' title='bbox 178 1633 349 1697; x_wconf 84' lang='lat' dir='ltr'><strong>Postremo</strong></span> <span class='ocrx_word' id='word_1_67' title='bbox 379 1631 525 1715; x_wconf 88' lang='lat' dir='ltr'><strong>primus</strong></span> <span class='ocrx_word' id='word_1_68' title='bbox 556 1635 644 1714; x_wconf 86' lang='lat' dir='ltr'><strong>post</strong></span> <span class='ocrx_word' id='word_1_69' title='bbox 671 1630 859 1696; x_wconf 84' lang='lat' dir='ltr'><strong>creticum</strong></span> <span class='ocrx_word' id='word_1_70' title='bbox 887 1652 953 1714; x_wconf 83' lang='lat' dir='ltr'><strong>pce</strong></span> <span class='ocrx_word' id='word_1_71' title='bbox 982 1653 1047 1695; x_wconf 91' lang='lat' dir='ltr'><strong>non</strong></span> <span class='ocrx_word' id='word_1_72' title='bbox 1077 1631 1235 1697; x_wconf 83' lang='lat' dir='ltr'><strong>minorem</strong></span> 
     </span>
     <span class='ocr_line' id='line_1_12' title="bbox 134 1736 1234 1823; baseline -0.003 -19"><span class='ocrx_word' id='word_1_73' title='bbox 134 1762 185 1804; x_wconf 81' lang='lat' dir='ltr'><strong>rm</strong></span> <span class='ocrx_word' id='word_1_74' title='bbox 209 1740 246 1803; x_wconf 89' lang='lat' dir='ltr'><strong>in</strong></span> <span class='ocrx_word' id='word_1_75' title='bbox 269 1739 351 1823; x_wconf 87' lang='lat' dir='ltr'><strong>ipsis</strong></span> <span class='ocrx_word' id='word_1_76' title='bbox 375 1739 512 1803; x_wconf 85' lang='lat' dir='ltr'><strong>senariis</strong></span> <span class='ocrx_word' id='word_1_77' title='bbox 535 1737 725 1803; x_wconf 75' lang='lat' dir='ltr'><strong>vanelatcm</strong></span> <span class='ocrx_word' id='word_1_78' title='bbox 748 1738 883 1821; x_wconf 85' lang='lat' dir='ltr'><strong>recapit:</strong></span> <span class='ocrx_word' id='word_1_79' title='bbox 911 1758 970 1802; x_wconf 85' lang='lat' dir='ltr'><strong>ncc</strong></span> <span class='ocrx_word' id='word_1_80' title='bbox 993 1737 1044 1801; x_wconf 85' lang='lat' dir='ltr'><strong>vel</strong></span> <span class='ocrx_word' id='word_1_81' title='bbox 1067 1736 1234 1803; x_wconf 82' lang='lat' dir='ltr'><strong>tantillum</strong></span> 
     </span>
     <span class='ocr_line' id='line_1_13' title="bbox 134 1843 1235 1930; baseline -0.002 -20"><span class='ocrx_word' id='word_1_82' title='bbox 134 1846 308 1930; x_wconf 79' lang='lat' dir='ltr'><strong>legantiac</strong></span> <span class='ocrx_word' id='word_1_83' title='bbox 332 1845 400 1909; x_wconf 79' lang='lat' dir='ltr'><strong>sive</strong></span> <span class='ocrx_word' id='word_1_84' title='bbox 424 1844 599 1928; x_wconf 81' lang='lat' dir='ltr'><strong>spondiaco</strong></span> <span class='ocrx_word' id='word_1_85' title='bbox 623 1844 690 1908; x_wconf 84' lang='lat' dir='ltr'><strong>sivo</strong></span> <span class='ocrx_word' id='word_1_86' title='bbox 714 1844 922 1928; x_wconf 78' lang='lat' dir='ltr'><strong>anapaestica</strong></span> <span class='ocrx_word' id='word_1_87' title='bbox 944 1864 1006 1907; x_wconf 86' lang='lat' dir='ltr'><strong>vox</strong></span> <span class='ocrx_word' id='word_1_88' title='bbox 1030 1843 1097 1908; x_wconf 91' lang='lat' dir='ltr'><strong>illic</strong></span> <span class='ocrx_word' id='word_1_89' title='bbox 1115 1843 1235 1909; x_wconf 83' lang='lat' dir='ltr'><strong>habere</strong></span> 
     </span>
     <span class='ocr_line' id='line_1_14' title="bbox 134 1949 1235 2036; baseline -0.001 -19"><span class='ocrx_word' id='word_1_90' title='bbox 134 1976 155 2017; x_wconf 88' lang='lat' dir='ltr'><strong>a</strong></span> <span class='ocrx_word' id='word_1_91' title='bbox 182 1955 249 2034; x_wconf 83' lang='lat' dir='ltr'><strong>est,</strong></span> <span class='ocrx_word' id='word_1_92' title='bbox 281 1956 317 2015; x_wconf 91' lang='lat' dir='ltr'><strong>ut</strong></span> <span class='ocrx_word' id='word_1_93' title='bbox 345 1952 412 2015; x_wconf 91' lang='lat' dir='ltr'><strong>ulla</strong></span> <span class='ocrx_word' id='word_1_94' title='bbox 434 1973 587 2036; x_wconf 89' lang='lat' dir='ltr'><strong>umquam</strong></span> <span class='ocrx_word' id='word_1_95' title='bbox 610 1973 700 2034; x_wconf 86' lang='lat' dir='ltr'><strong>eura,</strong></span> <span class='ocrx_word' id='word_1_96' title='bbox 733 1950 831 2015; x_wconf 87' lang='lat' dir='ltr'><strong>etiam</strong></span> <span class='ocrx_word' id='word_1_97' title='bbox 855 1950 912 2015; x_wconf 92' lang='lat' dir='ltr'><strong>ubi</strong></span> <span class='ocrx_word' id='word_1_98' title='bbox 935 1949 1048 2015; x_wconf 85' lang='lat' dir='ltr'><strong>liceret</strong></span> <span class='ocrx_word' id='word_1_99' title='bbox 1070 1949 1235 2033; x_wconf 75' lang='lat' dir='ltr'><strong>facillime,</strong></span> 
     </span>
     <span class='ocr_line' id='line_1_15' title="bbox 134 2058 1234 2144; baseline -0.004 -19"><span class='ocrx_word' id='word_1_100' title='bbox 134 2064 195 2125; x_wconf 80' lang='lat' dir='ltr'><strong>ata</strong></span> <span class='ocrx_word' id='word_1_101' title='bbox 219 2060 272 2124; x_wconf 82' lang='lat' dir='ltr'><strong>sit.</strong></span> <span class='ocrx_word' id='word_1_102' title='bbox 305 2058 373 2124; x_wconf 87' lang='lat' dir='ltr'><strong>Nec</strong></span> <span class='ocrx_word' id='word_1_103' title='bbox 397 2060 528 2125; x_wconf 89' lang='lat' dir='ltr'><strong>omnino</strong></span> <span class='ocrx_word' id='word_1_104' title='bbox 552 2059 663 2144; x_wconf 81' lang='lat' dir='ltr'><strong>fugere</strong></span> <span class='ocrx_word' id='word_1_105' title='bbox 686 2078 880 2143; x_wconf 85' lang='lat' dir='ltr'><strong>quemquam</strong></span> <span class='ocrx_word' id='word_1_106' title='bbox 904 2060 1022 2141; x_wconf 84' lang='lat' dir='ltr'><strong>polest,</strong></span> <span class='ocrx_word' id='word_1_107' title='bbox 1045 2064 1234 2123; x_wconf 81' lang='lat' dir='ltr'><strong>accentuum</strong></span> 
     </span>
     <span class='ocr_line' id='line_1_16' title="bbox 139 2162 1234 2251; baseline -0.001 -20"><span class='ocrx_word' id='word_1_108' title='bbox 139 2187 357 2231; x_wconf 90' lang='lat' dir='ltr'><strong>numerorum</strong></span> <span class='ocrx_word' id='word_1_109' title='bbox 386 2166 650 2251; x_wconf 81' lang='lat' dir='ltr'><strong>repugnantiam,</strong></span> <span class='ocrx_word' id='word_1_110' title='bbox 687 2166 727 2230; x_wconf 89' lang='lat' dir='ltr'><strong>ab</strong></span> <span class='ocrx_word' id='word_1_111' title='bbox 757 2165 829 2248; x_wconf 89' lang='lat' dir='ltr'><strong>ipsa</strong></span> <span class='ocrx_word' id='word_1_112' title='bbox 851 2164 1042 2229; x_wconf 79' lang='lat' dir='ltr'><strong>necessitato</strong></span> <span class='ocrx_word' id='word_1_113' title='bbox 1065 2162 1151 2250; x_wconf 86' lang='lat' dir='ltr'><strong>apud</strong></span> <span class='ocrx_word' id='word_1_114' title='bbox 1173 2164 1234 2230; x_wconf 91' lang='lat' dir='ltr'><strong>hos</strong></span> 
     </span>
     <span class='ocr_line' id='line_1_17' title="bbox 134 2269 1234 2357; baseline -0.001 -21"><span class='ocrx_word' id='word_1_115' title='bbox 134 2279 201 2339; x_wconf 66' lang='lat' dir='ltr'><strong>stas</strong></span> <span class='ocrx_word' id='word_1_116' title='bbox 222 2270 402 2354; x_wconf 86' lang='lat' dir='ltr'><strong>prolectam</strong></span> <span class='ocrx_word' id='word_1_117' title='bbox 422 2279 455 2338; x_wconf 85' lang='lat' dir='ltr'><strong>et</strong></span> <span class='ocrx_word' id='word_1_118' title='bbox 474 2278 640 2357; x_wconf 84' lang='lat' dir='ltr'><strong>tamquam</strong></span> <span class='ocrx_word' id='word_1_119' title='bbox 660 2271 771 2336; x_wconf 86' lang='lat' dir='ltr'><strong>invitis</strong></span> <span class='ocrx_word' id='word_1_120' title='bbox 790 2292 985 2355; x_wconf 74' lang='lat' dir='ltr'><strong>concessam,</strong></span> <span class='ocrx_word' id='word_1_121' title='bbox 1004 2269 1125 2335; x_wconf 86' lang='lat' dir='ltr'><strong>eisdem</strong></span> <span class='ocrx_word' id='word_1_122' title='bbox 1145 2271 1234 2355; x_wconf 83' lang='lat' dir='ltr'><strong>paul·</strong></span> 
     </span>
     <span class='ocr_line' id='line_1_18' title="bbox 133 2376 1233 2465; baseline -0.003 -19"><span class='ocrx_word' id='word_1_123' title='bbox 133 2382 180 2446; x_wconf 92' lang='lat' dir='ltr'><strong>im</strong></span> <span class='ocrx_word' id='word_1_124' title='bbox 205 2382 241 2447; x_wconf 90' lang='lat' dir='ltr'><strong>in</strong></span> <span class='ocrx_word' id='word_1_125' title='bbox 264 2381 466 2465; x_wconf 81' lang='lat' dir='ltr'><strong>voluptatem</strong></span> <span class='ocrx_word' id='word_1_126' title='bbox 490 2380 625 2445; x_wconf 85' lang='lat' dir='ltr'><strong>vertisse</strong></span> <span class='ocrx_word' id='word_1_127' title='bbox 649 2383 683 2443; x_wconf 88' lang='lat' dir='ltr'><strong>et</strong></span> <span class='ocrx_word' id='word_1_128' title='bbox 705 2380 810 2444; x_wconf 84' lang='lat' dir='ltr'><strong>multo</strong></span> <span class='ocrx_word' id='word_1_129' title='bbox 830 2379 920 2464; x_wconf 84' lang='lat' dir='ltr'><strong>prius</strong></span> <span class='ocrx_word' id='word_1_130' title='bbox 939 2400 1004 2444; x_wconf 91' lang='lat' dir='ltr'><strong>non</strong></span> <span class='ocrx_word' id='word_1_131' title='bbox 1023 2376 1233 2443; x_wconf 84' lang='lat' dir='ltr'><strong>mediocrior</strong></span> 
     </span>
     <span class='ocr_line' id='line_1_19' title="bbox 134 2486 1236 2574; baseline -0.002 -20"><span class='ocrx_word' id='word_1_132' title='bbox 134 2494 181 2554; x_wconf 83' lang='lat' dir='ltr'><strong>rte</strong></span> <span class='ocrx_word' id='word_1_133' title='bbox 215 2490 347 2574; x_wconf 88' lang='lat' dir='ltr'><strong>probari</strong></span> <span class='ocrx_word' id='word_1_134' title='bbox 381 2493 528 2572; x_wconf 82' lang='lat' dir='ltr'><strong>coeptam</strong></span> <span class='ocrx_word' id='word_1_135' title='bbox 563 2510 634 2552; x_wconf 86' lang='lat' dir='ltr'><strong>esso</strong></span> <span class='ocrx_word' id='word_1_136' title='bbox 668 2491 703 2552; x_wconf 86' lang='lat' dir='ltr'><strong>ut</strong></span> <span class='ocrx_word' id='word_1_137' title='bbox 736 2487 856 2572; x_wconf 88' lang='lat' dir='ltr'><strong>aliquid</strong></span> <span class='ocrx_word' id='word_1_138' title='bbox 885 2486 1010 2571; x_wconf 82' lang='lat' dir='ltr'><strong>gratiae</strong></span> <span class='ocrx_word' id='word_1_139' title='bbox 1037 2488 1236 2561; x_wconf 79' lang='lat' dir='ltr'><strong>afferentem,</strong></span> 
     </span>
     <span class='ocr_line' id='line_1_20' title="bbox 134 2593 1383 2679; baseline -0.003 -18"><span class='ocrx_word' id='word_1_140' title='bbox 134 2618 183 2661; x_wconf 77' lang='lat' dir='ltr'><strong>am</strong></span> <span class='ocrx_word' id='word_1_141' title='bbox 211 2597 242 2660; x_wconf 94' lang='lat' dir='ltr'><strong>in</strong></span> <span class='ocrx_word' id='word_1_142' title='bbox 269 2600 389 2659; x_wconf 82' lang='lat' dir='ltr'><strong>certam</strong></span> <span class='ocrx_word' id='word_1_143' title='bbox 414 2594 677 2659; x_wconf 81' lang='lat' dir='ltr'><strong>consuetudinem</strong></span> <span class='ocrx_word' id='word_1_144' title='bbox 702 2594 770 2658; x_wconf 86' lang='lat' dir='ltr'><strong>cius</strong></span> <span class='ocrx_word' id='word_1_145' title='bbox 795 2593 914 2658; x_wconf 82' lang='lat' dir='ltr'><strong>aetatis</strong></span> <span class='ocrx_word' id='word_1_146' title='bbox 938 2593 1052 2675; x_wconf 88' lang='lat' dir='ltr'><strong>abiret,</strong></span> <span class='ocrx_word' id='word_1_147' title='bbox 1076 2617 1158 2679; x_wconf 75' lang='lat' dir='ltr'><strong>qirac</strong></span> <span class='ocrx_word' id='word_1_148' title='bbox 1182 2615 1383 2659; x_wconf 83' lang='lat' dir='ltr'><strong>err-ccxrxrx</strong></span> 
     </span>
     <span class='ocr_line' id='line_1_21' title="bbox 134 2700 1233 2786; baseline -0.005 -17"><span class='ocrx_word' id='word_1_149' title='bbox 134 2710 210 2769; x_wconf 78' lang='lat' dir='ltr'><strong>tam</strong></span> <span class='ocrx_word' id='word_1_150' title='bbox 237 2709 268 2766; x_wconf 83' lang='lat' dir='ltr'><strong>et</strong></span> <span class='ocrx_word' id='word_1_151' title='bbox 288 2703 326 2766; x_wconf 85' lang='lat' dir='ltr'><strong>nd</strong></span> <span class='ocrx_word' id='word_1_152' title='bbox 347 2704 453 2783; x_wconf 67' lang='lat' dir='ltr'><strong>legum</strong></span> <span class='ocrx_word' id='word_1_153' title='bbox 474 2704 690 2766; x_wconf 81' lang='lat' dir='ltr'><strong>constantiam</strong></span> <span class='ocrx_word' id='word_1_154' title='bbox 712 2706 894 2764; x_wconf 82' lang='lat' dir='ltr'><strong>revocatam</strong></span> <span class='ocrx_word' id='word_1_155' title='bbox 917 2700 1115 2784; x_wconf 85' lang='lat' dir='ltr'><strong>syllabarum</strong></span> <span class='ocrx_word' id='word_1_156' title='bbox 1135 2725 1233 2786; x_wconf 78' lang='lat' dir='ltr'><strong>qrran·</strong></span> 
     </span>
     <span class='ocr_line' id='line_1_22' title="bbox 134 2809 1233 2893; baseline -0.005 -16"><span class='ocrx_word' id='word_1_157' title='bbox 134 2818 216 2877; x_wconf 79' lang='lat' dir='ltr'><strong>rtem</strong></span> <span class='ocrx_word' id='word_1_158' title='bbox 250 2811 352 2875; x_wconf 83' lang='lat' dir='ltr'><strong>solam</strong></span> <span class='ocrx_word' id='word_1_159' title='bbox 386 2818 496 2873; x_wconf 81' lang='lat' dir='ltr'><strong>sucula</strong></span> <span class='ocrx_word' id='word_1_160' title='bbox 526 2814 583 2871; x_wconf 85' lang='lat' dir='ltr'><strong>cst.</strong></span> <span class='ocrx_word' id='word_1_161' title='bbox 636 2814 723 2884; x_wconf 68' lang='lat' dir='ltr'><strong>lluac</strong></span> <span class='ocrx_word' id='word_1_162' title='bbox 755 2809 893 2873; x_wconf 87' lang='lat' dir='ltr'><strong>mutatio</strong></span> <span class='ocrx_word' id='word_1_163' title='bbox 922 2830 979 2892; x_wconf 88' lang='lat' dir='ltr'><strong>per</strong></span> <span class='ocrx_word' id='word_1_164' title='bbox 1007 2832 1086 2892; x_wconf 87' lang='lat' dir='ltr'><strong>quos</strong></span> <span class='ocrx_word' id='word_1_165' title='bbox 1115 2809 1233 2893; x_wconf 79' lang='lat' dir='ltr'><strong>gradus</strong></span> 
     </span>
     <span class='ocr_line' id='line_1_23' title="bbox 134 2915 1233 3004; baseline -0.002 -21"><span class='ocrx_word' id='word_1_166' title='bbox 134 2940 263 3004; x_wconf 72' lang='lat' dir='ltr'><strong>&gt;gressa</strong></span> <span class='ocrx_word' id='word_1_167' title='bbox 289 2917 340 2997; x_wconf 83' lang='lat' dir='ltr'><strong>sil,</strong></span> <span class='ocrx_word' id='word_1_168' title='bbox 365 2916 467 2978; x_wconf 83' lang='lat' dir='ltr'><strong>ultera</strong></span> <span class='ocrx_word' id='word_1_169' title='bbox 490 2938 526 2978; x_wconf 84' lang='lat' dir='ltr'><strong>ex</strong></span> <span class='ocrx_word' id='word_1_170' title='bbox 551 2920 643 2998; x_wconf 88' lang='lat' dir='ltr'><strong>parle</strong></span> <span class='ocrx_word' id='word_1_171' title='bbox 667 2915 741 2978; x_wconf 82' lang='lat' dir='ltr'><strong>linis</strong></span> <span class='ocrx_word' id='word_1_172' title='bbox 767 2937 927 2999; x_wconf 78' lang='lat' dir='ltr'><strong>vermium,</strong></span> <span class='ocrx_word' id='word_1_173' title='bbox 951 2916 1054 2979; x_wconf 78' lang='lat' dir='ltr'><strong>altera</strong></span> <span class='ocrx_word' id='word_1_174' title='bbox 1074 2938 1111 2979; x_wconf 84' lang='lat' dir='ltr'><strong>er</strong></span> <span class='ocrx_word' id='word_1_175' title='bbox 1131 2922 1233 3000; x_wconf 74' lang='lat' dir='ltr'><strong>parte,</strong></span> 
     </span>
     <span class='ocr_line' id='line_1_24' title="bbox 134 3021 1232 3103; baseline -0.002 -14"><span class='ocrx_word' id='word_1_176' title='bbox 134 3026 139 3089; x_wconf 91' lang='lat' dir='ltr'><strong>l</strong></span> <span class='ocrx_word' id='word_1_177' title='bbox 166 3026 295 3088; x_wconf 75' lang='lat' dir='ltr'><strong>‹liversa</strong></span> <span class='ocrx_word' id='word_1_178' title='bbox 319 3022 453 3103; x_wconf 80' lang='lat' dir='ltr'><strong>ratione,</strong></span> <span class='ocrx_word' id='word_1_179' title='bbox 477 3022 649 3086; x_wconf 83' lang='lat' dir='ltr'><strong>eorundem</strong></span> <span class='ocrx_word' id='word_1_180' title='bbox 676 3021 803 3086; x_wconf 80' lang='lat' dir='ltr'><strong>initium</strong></span> <span class='ocrx_word' id='word_1_181' title='bbox 828 3022 984 3086; x_wconf 83' lang='lat' dir='ltr'><strong>ostendit:</strong></span> <span class='ocrx_word' id='word_1_182' title='bbox 1019 3022 1232 3087; x_wconf 84' lang='lat' dir='ltr'><strong>luculentissi-</strong></span> 
     </span>
     <span class='ocr_line' id='line_1_25' title="bbox 134 3129 1231 3213; baseline 0.004 -22"><span class='ocrx_word' id='word_1_183' title='bbox 134 3160 139 3191; x_wconf 68' lang='grc' dir='ltr'>ι</span> <span class='ocrx_word' id='word_1_184' title='bbox 173 3136 284 3195; x_wconf 81' lang='lat' dir='ltr'><strong>autom</strong></span> <span class='ocrx_word' id='word_1_185' title='bbox 316 3130 507 3193; x_wconf 83' lang='lat' dir='ltr'><strong>documento</strong></span> <span class='ocrx_word' id='word_1_186' title='bbox 540 3131 682 3212; x_wconf 90' lang='lat' dir='ltr'><strong>ipsorum</strong></span> <span class='ocrx_word' id='word_1_187' title='bbox 716 3129 847 3194; x_wconf 86' lang='lat' dir='ltr'><strong>initium</strong></span> <span class='ocrx_word' id='word_1_188' title='bbox 881 3130 1138 3213; x_wconf 85' lang='lat' dir='ltr'><strong>septenariorurn</strong></span> <span class='ocrx_word' id='word_1_189' title='bbox 1172 3138 1231 3195; x_wconf 86' lang='lat' dir='ltr'><strong>est.</strong></span> 
     </span>
     <span class='ocr_line' id='line_1_26' title="bbox 135 3236 1230 3333; baseline -0.001 -31"><span class='ocrx_word' id='word_1_190' title='bbox 135 3239 186 3303; x_wconf 84' lang='lat' dir='ltr'><strong>lut</strong></span> <span class='ocrx_word' id='word_1_191' title='bbox 211 3237 295 3321; x_wconf 85' lang='lat' dir='ltr'><strong>quod</strong></span> <span class='ocrx_word' id='word_1_192' title='bbox 320 3237 415 3302; x_wconf 86' lang='lat' dir='ltr'><strong>modo</strong></span> <span class='ocrx_word' id='word_1_193' title='bbox 439 3237 598 3333; x_wconf 70' lang='lat' dir='ltr'><strong>dicebant,</strong></span> <span class='ocrx_word' id='word_1_194' title='bbox 628 3259 667 3299; x_wconf 89' lang='lat' dir='ltr'><strong>nc</strong></span> <span class='ocrx_word' id='word_1_195' title='bbox 692 3236 832 3300; x_wconf 81' lang='lat' dir='ltr'><strong>voluisse</strong></span> <span class='ocrx_word' id='word_1_196' title='bbox 856 3236 983 3320; x_wconf 81' lang='lat' dir='ltr'><strong>quidem</strong></span> <span class='ocrx_word' id='word_1_197' title='bbox 1009 3243 1132 3302; x_wconf 84' lang='lat' dir='ltr'><strong>veteres</strong></span> <span class='ocrx_word' id='word_1_198' title='bbox 1156 3239 1230 3303; x_wconf 88' lang='lat' dir='ltr'><strong>illos</strong></span> 
     </span>
     <span class='ocr_line' id='line_1_27' title="bbox 134 3343 1228 3429; baseline 0 -19"><span class='ocrx_word' id='word_1_199' title='bbox 134 3346 265 3410; x_wconf 76' lang='lat' dir='ltr'><strong>indiaca</strong></span> <span class='ocrx_word' id='word_1_200' title='bbox 297 3345 344 3407; x_wconf 88' lang='lat' dir='ltr'><strong>vel</strong></span> <span class='ocrx_word' id='word_1_201' title='bbox 376 3343 583 3426; x_wconf 76' lang='lat' dir='ltr'><strong>anapaestico</strong></span> <span class='ocrx_word' id='word_1_202' title='bbox 614 3344 770 3407; x_wconf 82' lang='lat' dir='ltr'><strong>vocabula</strong></span> <span class='ocrx_word' id='word_1_203' title='bbox 800 3345 945 3428; x_wconf 79' lang='lat' dir='ltr'><strong>proximo</strong></span> <span class='ocrx_word' id='word_1_204' title='bbox 974 3349 1049 3429; x_wconf 89' lang='lat' dir='ltr'><strong>post</strong></span> <span class='ocrx_word' id='word_1_205' title='bbox 1078 3346 1228 3410; x_wconf 84' lang='lat' dir='ltr'><strong>creticum</strong></span> 
     </span>
     <span class='ocr_line' id='line_1_28' title="bbox 134 3449 620 3534; baseline -0.008 -18"><span class='ocrx_word' id='word_1_206' title='bbox 134 3476 158 3516; x_wconf 93' lang='lat' dir='ltr'><strong>o</strong></span> <span class='ocrx_word' id='word_1_207' title='bbox 182 3454 297 3534; x_wconf 81' lang='lat' dir='ltr'><strong>vitare,</strong></span> <span class='ocrx_word' id='word_1_208' title='bbox 322 3452 409 3515; x_wconf 87' lang='lat' dir='ltr'><strong>velut</strong></span> <span class='ocrx_word' id='word_1_209' title='bbox 432 3449 519 3513; x_wconf 81' lang='lat' dir='ltr'><strong>Triu.</strong></span> <span class='ocrx_word' id='word_1_210' title='bbox 543 3452 620 3512; x_wconf 65' lang='lat'>⁵³55:</span> 
     </span>
    </p>
   </div>
   <div class='ocr_carea' id='block_1_7' title="bbox 176 3593 1158 3678">
    <p class='ocr_par' dir='ltr' id='par_1_7' title="bbox 176 3593 1158 3678">
     <span class='ocr_line' id='line_1_29' title="bbox 176 3593 1158 3678; baseline -0.002 -20"><span class='ocrx_word' id='word_1_211' title='bbox 176 3596 346 3671; x_wconf 77' lang='lat' dir='ltr'><strong>Qruimodo</strong></span> <span class='ocrx_word' id='word_1_212' title='bbox 371 3595 508 3678; x_wconf 78' lang='lat' dir='ltr'><strong>quidque</strong></span> <span class='ocrx_word' id='word_1_213' title='bbox 532 3595 664 3675; x_wconf 67' lang='lat' dir='ltr'><strong>repererit:</strong></span> <span class='ocrx_word' id='word_1_214' title='bbox 688 3615 772 3656; x_wconf 84' lang='lat' dir='ltr'><strong>nune</strong></span> <span class='ocrx_word' id='word_1_215' title='bbox 797 3593 876 3657; x_wconf 87' lang='lat' dir='ltr'><strong>adeo</strong></span> <span class='ocrx_word' id='word_1_216' title='bbox 927 3645 932 3654; x_wconf 93' lang='lat'><strong>.</strong></span> <span class='ocrx_word' id='word_1_217' title='bbox 994 3646 998 3655; x_wconf 94' lang='lat'>.</span> <span class='ocrx_word' id='word_1_218' title='bbox 1060 3647 1065 3657; x_wconf 94' lang='lat'><em>.</em></span> <span class='ocrx_word' id='word_1_219' title='bbox 1127 3648 1158 3677; x_wconf 83' lang='lat'><strong>.‚</strong></span> 
     </span>
    </p>
   </div>
   <div class='ocr_carea' id='block_1_8' title="bbox 142 3695 1230 3825">
    <p class='ocr_par' dir='ltr' id='par_1_8' title="bbox 142 3695 1230 3825">
     <span class='ocr_line' id='line_1_30' title="bbox 142 3695 1230 3825; baseline 0.003 -24"><span class='ocrx_word' id='word_1_220' title='bbox 142 3738 292 3821; x_wconf 90' lang='lat' dir='ltr'><strong>plurimis</strong></span> <span class='ocrx_word' id='word_1_221' title='bbox 316 3737 471 3820; x_wconf 80' lang='lat' dir='ltr'><strong>exemplis</strong></span> <span class='ocrx_word' id='word_1_222' title='bbox 495 3735 690 3819; x_wconf 84' lang='lat' dir='ltr'><strong>perspicitur</strong></span> <span class='ocrx_word' id='word_1_223' title='bbox 713 3735 895 3799; x_wconf 86' lang='lat' dir='ltr'><strong>luriusmodi</strong></span> <span class='ocrx_word' id='word_1_224' title='bbox 921 3695 1023 3820; x_wconf 53' lang='lat' dir='ltr'><strong>l&#39;l&#39;rini</strong></span> <span class='ocrx_word' id='word_1_225' title='bbox 1042 3740 1115 3802; x_wconf 69' lang='lat'><strong>843.</strong></span> <span class='ocrx_word' id='word_1_226' title='bbox 1136 3742 1230 3825; x_wconf 71' lang='lat'>848):</span> 
     </span>
    </p>
   </div>
   <div class='ocr_carea' id='block_1_9' title="bbox 176 3878 1132 4071">
    <p class='ocr_par' dir='ltr' id='par_1_9' title="bbox 176 3878 1132 4071">
     <span class='ocr_line' id='line_1_31' title="bbox 176 3878 1132 3963; baseline 0.003 -21"><span class='ocrx_word' id='word_1_227' title='bbox 176 3878 263 3943; x_wconf 88' lang='lat' dir='ltr'><strong>Huic</strong></span> <span class='ocrx_word' id='word_1_228' title='bbox 287 3900 346 3963; x_wconf 78' lang='lat' dir='ltr'><strong>ego</strong></span> <span class='ocrx_word' id='word_1_229' title='bbox 371 3879 420 3942; x_wconf 90' lang='lat' dir='ltr'><strong>die</strong></span> <span class='ocrx_word' id='word_1_230' title='bbox 441 3879 446 3959; x_wconf 93' lang='grc' dir='ltr'>Ι</span> <span class='ocrx_word' id='word_1_231' title='bbox 465 3881 573 3943; x_wconf 76' lang='lat' dir='ltr'><strong>ommia</strong></span> <span class='ocrx_word' id='word_1_232' title='bbox 598 3879 786 3943; x_wconf 83' lang='lat' dir='ltr'><strong>Trinummo</strong></span> <span class='ocrx_word' id='word_1_233' title='bbox 860 3931 1132 3945; x_wconf 92' lang='lat'><strong>.....</strong></span> 
     </span>
     <span class='ocr_line' id='line_1_32' title="bbox 176 3985 1130 4071; baseline 0.001 -20"><span class='ocrx_word' id='word_1_234' title='bbox 176 3985 262 4063; x_wconf 77' lang='lat' dir='ltr'><strong>Quia</strong></span> <span class='ocrx_word' id='word_1_235' title='bbox 285 4007 345 4071; x_wconf 80' lang='lat' dir='ltr'><strong>ego</strong></span> <span class='ocrx_word' id='word_1_236' title='bbox 368 4009 452 4050; x_wconf 91' lang='lat' dir='ltr'><strong>nunc</strong></span> <span class='ocrx_word' id='word_1_237' title='bbox 472 3986 477 4069; x_wconf 82' lang='grc' dir='ltr'>Ι</span> <span class='ocrx_word' id='word_1_238' title='bbox 496 3986 618 4068; x_wconf 71' lang='lat' dir='ltr'><strong>archipor</strong></span> <span class='ocrx_word' id='word_1_239' title='bbox 641 3986 739 4049; x_wconf 89' lang='lat' dir='ltr'><strong>trium</strong></span> <span class='ocrx_word' id='word_1_240' title='bbox 763 4008 929 4051; x_wconf 85' lang='lat' dir='ltr'><strong>nummum</strong></span> <span class='ocrx_word' id='word_1_241' title='bbox 993 4040 998 4049; x_wconf 96' lang='lat'>.</span> <span class='ocrx_word' id='word_1_242' title='bbox 1059 4041 1064 4050; x_wconf 92' lang='lat'>.</span> <span class='ocrx_word' id='word_1_243' title='bbox 1126 4042 1130 4052; x_wconf 92' lang='lat'>.</span> 
     </span>
    </p>
   </div>
   <div class='ocr_carea' id='block_1_10' title="bbox 136 4127 1228 4212">
    <p class='ocr_par' dir='ltr' id='par_1_10' title="bbox 136 4127 1228 4212">
     <span class='ocr_line' id='line_1_33' title="bbox 136 4127 1228 4212; baseline 0.003 -18"><span class='ocrx_word' id='word_1_244' title='bbox 136 4129 249 4195; x_wconf 80' lang='lat' dir='ltr'><strong>antilli</strong></span> <span class='ocrx_word' id='word_1_245' title='bbox 283 4128 367 4192; x_wconf 88' lang='lat' dir='ltr'><strong>enirn</strong></span> <span class='ocrx_word' id='word_1_246' title='bbox 399 4127 504 4191; x_wconf 86' lang='lat' dir='ltr'><strong>fuerat</strong></span> <span class='ocrx_word' id='word_1_247' title='bbox 536 4151 599 4191; x_wconf 90' lang='lat' dir='ltr'><strong>nou</strong></span> <span class='ocrx_word' id='word_1_248' title='bbox 634 4128 779 4212; x_wconf 80' lang='lat' dir='ltr'><strong>neglecto</strong></span> <span class='ocrx_word' id='word_1_249' title='bbox 812 4134 947 4194; x_wconf 85' lang='lat' dir='ltr'><strong>accentu</strong></span> <span class='ocrx_word' id='word_1_250' title='bbox 980 4130 1058 4196; x_wconf 84' lang='lat' dir='ltr'><strong>hacc</strong></span> <span class='ocrx_word' id='word_1_251' title='bbox 1090 4133 1135 4197; x_wconf 84' lang='lat' dir='ltr'><strong>sie</strong></span> <span class='ocrx_word' id='word_1_252' title='bbox 1168 4135 1228 4198; x_wconf 77' lang='lat' dir='ltr'><strong>‹lis-</strong></span> 
     </span>
    </p>
   </div>
   <div class='ocr_carea' id='block_1_11' title="bbox 134 4260 1131 4427">
    <p class='ocr_par' dir='ltr' id='par_1_11' title="bbox 134 4260 1131 4427">
     <span class='ocr_line' id='line_1_34' title="bbox 134 4260 219 4304; baseline -0.059 0"><span class='ocrx_word' id='word_1_253' title='bbox 134 4260 219 4304; x_wconf 85' lang='lat' dir='ltr'><strong>rare:</strong></span> 
     </span>
     <span class='ocr_line' id='line_1_35' title="bbox 173 4327 1131 4427; baseline 0.004 -18"><span class='ocrx_word' id='word_1_254' title='bbox 173 4342 261 4409; x_wconf 87' lang='lat' dir='ltr'><strong>Huic</strong></span> <span class='ocrx_word' id='word_1_255' title='bbox 285 4363 346 4427; x_wconf 82' lang='lat' dir='ltr'><strong>ego</strong></span> <span class='ocrx_word' id='word_1_256' title='bbox 364 4342 472 4406; x_wconf 78' lang='lat' dir='ltr'><strong>noown</strong></span> <span class='ocrx_word' id='word_1_257' title='bbox 494 4327 546 4408; x_wconf 85' lang='lat' dir='ltr'><strong>die</strong></span> <span class='ocrx_word' id='word_1_258' title='bbox 570 4342 756 4407; x_wconf 91' lang='lat' dir='ltr'><strong>Trinummo</strong></span> <span class='ocrx_word' id='word_1_259' title='bbox 792 4395 1131 4413; x_wconf 90' lang='lat'>......</span> 
     </span>
    </p>
   </div>
   <div class='ocr_carea' id='block_1_12' title="bbox 173 4448 1132 4533">
    <p class='ocr_par' dir='ltr' id='par_1_12' title="bbox 173 4448 1132 4533">
     <span class='ocr_line' id='line_1_36' title="bbox 173 4448 1132 4533; baseline 0.007 -19"><span class='ocrx_word' id='word_1_260' title='bbox 173 4448 347 4533; x_wconf 78' lang='lat' dir='ltr'><strong>Quia.ego</strong></span> <span class='ocrx_word' id='word_1_261' title='bbox 370 4449 491 4532; x_wconf 78' lang='lat' dir='ltr'><strong>sritipor</strong></span> <span class='ocrx_word' id='word_1_262' title='bbox 512 4455 597 4515; x_wconf 82' lang='lat' dir='ltr'><strong>nunc</strong></span> <span class='ocrx_word' id='word_1_263' title='bbox 620 4451 720 4518; x_wconf 88' lang='lat' dir='ltr'><strong>trium</strong></span> <span class='ocrx_word' id='word_1_264' title='bbox 743 4473 932 4516; x_wconf 89' lang='lat' dir='ltr'><strong>nummum.</strong></span> <span class='ocrx_word' id='word_1_265' title='bbox 994 4508 998 4519; x_wconf 94' lang='lat'><em>.</em></span> <span class='ocrx_word' id='word_1_266' title='bbox 1060 4510 1065 4520; x_wconf 94' lang='lat'><em>.</em></span> <span class='ocrx_word' id='word_1_267' title='bbox 1127 4510 1132 4521; x_wconf 93' lang='lat'>.</span> 
     </span>
    </p>
   </div>
   <div class='ocr_carea' id='block_1_13' title="bbox 0 0 1422 5034">
    <p class='ocr_par' dir='ltr' id='par_1_13' title="bbox 0 0 1422 5034">
     <span class='ocr_line' id='line_1_37' title="bbox 0 0 1422 5034; baseline 0 0"><span class='ocrx_word' id='word_1_268' title='bbox 0 0 1422 5034; x_wconf 95' lang='lat' dir='ltr'><strong> </strong></span> 
     </span>
    </p>
   </div>
  </div>
 </body>
</html>
