2836 5034
162 316 227 383 516
447 330 710 380 suocnconaua
735 332 782 379 nn
807 329 1023 380 armoricus

252 475 314 541 Sed
344 479 473 562 lougius
502 477 600 541 etiam
628 476 827 541 trochaicum
851 498 1022 541 numerum
1046 479 1240 562 aequantisp

162 585 379 650 celeusmatici
409 583 490 668 luga
519 583 683 667 pertinuit.
729 581 805 648 Non
837 584 943 668 magis
976 583 1063 648 enim
1095 606 1166 649 eum
1195 609 1240 670 pr<

162 692 388 756 leusmaticum
421 695 566 754 veterum
597 713 650 755 ars
678 693 848 773 poetarum
881 691 1049 775 probavit,
1081 693 1136 776 qui
1167 693 1197 757 in
1225 694 1240 776 ij

162 798 311 863 iambicis
340 798 484 862 semibus
513 798 682 881 anapaesti
711 819 781 862 cum
811 798 1017 881 praecedenti
1047 798 1115 863 sive
1146 800 1240 863 tribra

33 927 150 968 ocxcnr
165 908 233 971 sive
265 906 397 989 dactylo
431 905 669 970 consociatione
702 906 820 970 oritur:
852 930 871 963 s
886 912 890 980 ι
906 924 1021 964 cono
1037 913 1041 980 Ι
1057 932 1088 969 r.
1141 906 1189 970 De
1220 929 1240 970 cr

163 1012 328 1079 societatis
358 1013 521 1096 pravitate
550 1013 722 1076 sanissimo
746 1010 865 1078 iudicio
888 1011 1174 1077 Hermannianam
1197 1014 1240 1076 dor

160 1143 236 1185 nam
261 1117 364 1202 nuper
381 1117 544 1183 Lomanus
564 1141 593 1202 p.
613 1119 656 1182 44
680 1118 915 1202 comprobavit
953 1119 1002 1183 Ac
1024 1120 1225 1203 paucissima

163 1227 290 1312 generis
314 1226 461 1310 exempla
484 1248 501 1290 e
526 1225 715 1291 Trinummo
740 1226 931 1310 expellenda
954 1227 1107 1310 fuerunt,
1132 1232 1169 1292 ut
1193 1251 1220 1291 v.

163 1335 217 1398 ubi
242 1356 307 1398 non
330 1333 438 1398 minus
462 1334 616 1398 vitiosum

197 1480 203 1491 '
251 1475 440 1541 Adesuriuit
462 1475 570 1559 mdps's,
592 1476 732 1540 islrlauit
755 1478 870 1559 acrius,

161 1642 259 1703 quam
284 1617 370 1702 quod
393 1616 514 1683 Bothio
539 1618 662 1703 placuit

251 1761 443 1825 Adesuriuit
464 1761 552 1844 mdpe
574 1767 602 1826 ct
624 1761 764 1825 lnlriauit
787 1762 901 1825 acrius.

161 1904 189 1967 E
215 1903 320 1967 tribus
344 1903 530 1967 dimetiendi
554 1904 660 1967 modis
682 1904 808 1968 nullum
832 1926 861 1969 v.
884 1905 950 1969 515
974 1904 1191 1971 admittebat:

251 2044 325 2111 Tibi
350 2067 412 2131 ego
436 2041 595 2110 rationem
619 2046 771 2111 reddam?
804 2045 904 2110 Plane
927 2046 1101 2130 periimus:

162 2211 237 2253 nam
268 2189 337 2253 sive
368 2189 423 2253 tibi
450 2190 504 2271 epo*
530 2213 588 2273 pro
618 2194 794 2273 anapaesto
823 2191 956 2274 accipis,
985 2189 1072 2254 falsa
1101 2192 1240 2275 product

161 2296 275 2379 uteris,
306 2296 372 2360 sive
396 2296 452 2360 aaz
474 2298 528 2379 epo'
553 2319 606 2360 rc·
634 2319 693 2380 pro
716 2297 1017 2380 proceleusmatico,
1040 2319 1186 2380 pravum
1209 2321 1240 2363 ac

160 2408 230 2467 tum
249 2403 358 2487 infers,
377 2404 444 2467 sive
465 2404 520 2467 tabi
537 2405 590 2486 e'pc
609 2425 667 2486 pro
687 2403 863 2487 tribracho,
881 2404 911 2467 ei
931 2403 992 2486 ipsi
1007 2403 1082 2486 pedi
1101 2427 1240 2490 anapaes

161 2510 340 2574 continuas.
386 2509 492 2574 Versu
517 2510 582 2574 804
606 2532 665 2593 pro
689 2511 847 2574 librorum
872 2510 1035 2593 scriptura

250 2635 409 2700 Continuo
433 2636 551 2716 operito
576 2634 689 2718 denuo,
714 2633 768 2698 sed
793 2634 974 2698 cldnculum

161 2784 258 2824 ausus
283 2783 354 2824 sum
378 2759 565 2823 Ennianum
590 2765 694 2841 operta
713 2759 908 2844 reponere*)
933 2757 1081 2843 (quando
1103 2783 1170 2824 non
1191 2784 1240 2824 sen

160 2867 389 2952 frequentandi
414 2868 478 2930 vim
502 2866 741 2949 frequentativa
764 2866 864 2930 verba
887 2870 1014 2949 tenent,
1038 2869 1240 2950 quemadmor

161 2976 357 3059 aliquotiens
372 2975 505 3055 rapitarc
519 2973 654 3037 Plautus
675 2995 732 3055 pro
753 2972 892 3055 simplici
911 2993 1021 3054 copore.
1039 2975 1156 3055 posuit
1171 2973 1240 3054 [Cur

163 3080 361 3165 1,13.19]):
386 3079 471 3164 quod
492 3081 520 3143 si
543 3081 615 3163 quis
640 3080 785 3164 poeticae
810 3081 966 3143 orationis
991 3082 1164 3163 proprium
1188 3081 1240 3142 11111

161 3195 312 3272 exspecto
335 3189 411 3270 quid
437 3189 677 3271 excogitaturus
702 3189 745 3251 sit
768 3187 807 3250 ad
837 3188 982 3251 codicum
1015 3188 1206 3252 memoriam
1230 3208 1240 3267 p

160 3297 232 3378 pius
256 3319 353 3379 quam
378 3294 656 3359 Hermanniauum
682 3295 889 3375 (britiuuoque
911 3296 995 3374 (peri
1023 3295 1124 3357 ‹lesem›
1149 3291 1240 3358 accede

159 3404 212 3466 1111
237 3404 327 3483 [Ean]
351 3423 419 3467 inea
442 3403 607 3482 ocolcsbcto
630 3403 664 3465 in
688 3402 845 3485 principio
870 3423 898 3463 11.
923 3402 986 3465 185
1012 3401 1122 3483 posita
1148 3419 1240 3479 cava]

161 3510 288 3593 dactylo
322 3533 394 3573 cum
428 3515 605 3592 anapaesto
640 3508 773 3572 habeas:
808 3508 862 3571 ubi
897 3512 954 3570 aut
982 3529 1050 3570 mea
1081 3509 1240 3590 syllabae:

159 3618 238 3680 rnalc
262 3617 295 3680 in
322 3640 418 3680 unam
446 3613 743 3698 contrabarrtur.**)
787 3613 933 3677 Similem
957 3617 1209 3679 contractionem
1231 3632 1240 3672 1

160 3729 268 3787 mento
292 3727 374 3788 enim
398 3724 576 3807 particulae
602 3721 753 3786 adhibere
777 3745 805 3785 v.
830 3722 894 3784 806
919 3721 972 3800 [cl.
998 3745 1027 3804 p.
1052 3724 1149 3801 400]:

248 3867 297 3930 Ita
317 3866 448 3930 faciam:
474 3867 518 3929 At
542 3848 627 3929 11111111
652 3863 748 3927 nimis
773 3864 871 3946 ldngo
896 3886 1045 3928 sermone
1070 3867 1205 3929 utimur:

158 4031 233 4071 nam
263 4032 321 4072 sua
349 4013 464 4092 sponte
493 4009 693 4092 intellegitur
721 4030 786 4070 non
815 4008 920 4091 magis
949 4030 1048 4089 quam
1078 4009 1233 4092 dactylum

160 4121 336 4199 anapaesto
361 4118 465 4199 excipi
489 4116 812 4200 proceleusmaticum
836 4137 941 4196 posse.

247 4293 271 4360 ³²)
292 4293 363 4362 [Hoc
384 4294 593 4347 retractandum
613 4309 673 4347 esse
692 4289 861 4345 Ritschelius
880 4289 1036 4344 intellexit:
1060 4291 1240 4347 Cosstinuodo

157 4382 185 4436 in
205 4384 247 4437 ed.
268 4384 315 4436 alt.
337 4383 456 4452 scripsit,
477 4385 511 4439 cf.
532 4384 601 4438 Nov.
622 4400 679 4436 erc.
700 4381 791 4434 Plaut.
811 4381 822 4432 I
843 4398 869 4448 p.
890 4384 925 4434 86
936 4382 989 4450 sql

228 4473 268 4540 **)
288 4474 430 4541 [inallocta
446 4472 615 4525 Bitschclius
631 4471 741 4540 scripsit
750 4471 777 4524 in
789 4470 831 4524 ed.
844 4470 908 4524 alt:
924 4471 958 4524 cl.
971 4470 1076 4539 Opusc.
1088 4474 1161 4542 phil.
1173 4476 1195 4529 ll
1205 4477 1240 4543 pf.
