2836 5034
434 324 702 379 usnsmosrs
724 327 933 379 msvrmsn
1196 314 1262 381 36¹1

144 466 243 533 discis
259 468 499 555 persequendis.
535 470 586 537 Ac
604 472 758 539 metricae
775 472 1051 559 prosodiecaeque
1069 473 1149 540 artis
1167 470 1264 540 Plau·

145 574 212 641 t'ne
233 574 403 643 universae
429 599 528 663 quam
555 583 591 646 et
617 578 719 647 debeo
746 579 923 647 lectoribus
949 584 984 645 et
1006 577 1127 647 dudum
1148 578 1263 665 parari

145 680 238 747 lutam
259 682 454 771 plenamque
477 686 732 772 enarrationem,
759 690 831 753 tum
853 686 946 753 dam
969 708 1044 753 cum
1066 686 1194 773 aliquot
1214 684 1262 753 ia·

145 786 265 857 bnlsmm
295 790 557 860 emendationem
588 792 772 861 absolvero:
804 816 825 860 a
856 815 920 880 quo
951 798 1120 881 tamquam
1147 792 1262 861 fundu

144 900 228 963 nesto
247 898 414 983 proiectus
441 901 683 967 molestissimis
708 900 747 967 de
770 902 976 988 singulorum
998 902 1145 968 locorum
1162 901 1262 988 scrip·

142 1004 199 1071 tus
211 1005 483 1091 disputationibus
501 1008 727 1093 supersedebo,
750 1008 819 1075 siue
837 1008 956 1095 quibus
974 1030 1062 1077 nune
1083 1008 1262 1076 illiusmodi

139 1108 203 1177 nnn
226 1114 360 1180 bochri
388 1119 495 1202 queat
540 1114 656 1202 Itaque
682 1115 923 1202 inpraesentia
944 1122 978 1183 et
1000 1116 1110 1203 capita
1131 1120 1262 1184 tantum

140 1216 178 1282 ni
198 1221 412 1305 perstringam
445 1225 479 1287 et
505 1221 688 1289 Trinummi
720 1222 927 1309 potissimum
960 1222 1078 1289 linibus
1106 1244 1158 1289 me
1185 1244 1261 1290 con·

134 1320 234 1392 fieta
269 1326 394 1404 Quodsi
412 1349 547 1414 operam
565 1352 672 1397 meam
694 1351 824 1398 omnem
847 1350 961 1397 eorum
983 1329 1059 1397 volo
1082 1328 1156 1395 rudi
1178 1330 1262 1396 iner-

134 1426 185 1497 ἦ
208 1434 394 1519 oppositam
424 1456 495 1501 esse
525 1436 596 1524 qui,
627 1441 665 1504 ut
692 1435 874 1505 Hermanni
904 1435 1004 1503 rerba
1033 1456 1106 1505 mes
1133 1436 1262 1523 faciam,

134 1530 284 1629 firmatas
306 1543 494 1612 cumomni
517 1544 668 1630 squalore
690 1566 800 1613 sacras
823 1544 1029 1611 membranas
1052 1547 1086 1609 et
1103 1564 1260 1630 procusos

134 1640 248 1714 elaeae
271 1649 487 1737 confragosos
509 1672 663 1718 numeros
681 1652 752 1718 sine
770 1650 930 1718 cruditate
948 1654 1167 1739 concoquunt:
1190 1650 1260 1717 eius

134 1752 169 1819 si
185 1777 266 1842 quaa
289 1756 437 1823 rationes
459 1756 611 1843 tabem,
638 1780 712 1825 eum
736 1780 836 1844 supra
858 1757 1040 1845 significavi
1066 1758 1174 1845 capite
1199 1776 1262 1843 vu,

134 1852 181 1929 lln
202 1863 285 1929 olim
306 1864 342 1930 in
365 1864 506 1951 epistula
527 1864 587 1931 ills
607 1864 845 1932 Mediolanensi
868 1863 1034 1951 explicavi,
1055 1868 1127 1933 tum
1149 1866 1261 1951 paullo

134 1960 243 2036 terius
266 1971 315 2037 eis
337 1975 527 2056 persecutus
554 1994 627 2038 sum
650 1971 768 2059 quibus
792 1976 826 2039 et
847 1972 956 2057 legere
978 1974 1012 2038 et
1033 1992 1146 2039 sersus
1168 1992 1262 2039 scan-

134 2066 183 2144 bre
199 2078 405 2145 nescientem
421 2079 532 2145 neseio
551 2101 616 2167 quo
631 2100 782 2146 successu
794 2100 901 2164 nuper
914 2082 1051 2146 comtos
1065 2101 1138 2146 snm
1152 2080 1261 2167 legere

134 2180 321 2251 lwandere
343 2185 458 2253 doecre
480 2186 516 2252 in
533 2184 649 2252 Museo
665 2190 780 2254 nostro
797 2184 1008 2273 philologico.
1043 2183 1089 2252 nt
1105 2186 1142 2253 in
1160 2184 1261 2253 libro·

134 2306 181 2359 tm
208 2290 341 2379 quidem
368 2314 444 2359 mss
467 2291 532 2359 fide
560 2293 617 2379 qui
644 2292 740 2359 fidem
763 2313 894 2359 omnem
916 2295 1095 2360 metrorum
1116 2312 1189 2359 esse
1209 2314 1261 2359 re·

134 2398 253 2465 uitam
280 2398 409 2483 volrmt,
435 2420 548 2465 eorum
577 2398 660 2465 satis
682 2398 835 2465 demirari
858 2419 932 2465 cum
954 2398 1087 2486 ignaria
1108 2399 1261 2467 coniunc-

134 2518 177 2570 nn
195 2505 452 2572 inconstantiam
470 2528 536 2571 non
554 2528 742 2591 possumusz
759 2507 816 2593 qni
835 2528 899 2592 quo
918 2504 1050 2573 tandem
1068 2511 1259 2594 argumento

134 2606 189 2676 lud
213 2611 397 2696 defendent,
420 2614 505 2697 quod
529 2636 595 2679 non
619 2615 718 2678 etiam
743 2614 888 2680 senarios
911 2614 1057 2698 potuisse
1080 2615 1188 2699 quinis
1208 2614 1259 2680 vel

134 2720 254 2803 sptenis
288 2720 426 2802 pedibus
460 2721 609 2804 componi
643 2721 848 2786 crediderunt
879 2718 919 2806 (e.
949 2744 974 2786 c.
1004 2720 1113 2806 quinis
1142 2744 1169 2786 v.
1196 2721 1261 2787 752

134 2824 213 2909 pins
237 2826 317 2890 adeo
337 2825 547 2892 Ambrosiani
567 2825 799 2913 auctoritatell
824 2828 874 2894 vel
898 2829 1077 2894 molossum
1100 2849 1160 2912 pro
1183 2849 1259 2912 pyr·

134 2926 236 2999 nmio
261 2934 339 3017 poni
363 2938 396 2998 et
418 2935 654 3019 monosyllaba
671 2935 830 3001 vocabula
858 2958 917 3021 pro
941 2933 1260 3020 proceleusmaticis?

134 3036 168 3103 'el
195 3045 232 3105 ut
265 3040 305 3105 ad
342 3041 430 3106 aliud
461 3062 563 3127 genus
604 3043 715 3107 eadem
747 3042 954 3108 ratiocinttio
991 3042 1261 3126 accommodetur,

134 3149 299 3225 motivum
323 3147 542 3212 ablativumve
575 3149 654 3234 poni
685 3171 745 3234 pro
778 3148 1005 3214 nominativo?
1037 3148 1087 3213 vel
1118 3149 1259 3234 primam

134 3274 283 3320 creonam
303 3276 362 3340 pro
382 3255 522 3320 secunda
541 3256 700 3320 tertiave?
719 3255 849 3339 quando
868 3255 984 3321 talium
1002 3255 1085 3321 nihil
1103 3259 1154 3320 est
1173 3255 1260 3341 quod

134 3384 176 3428 on
200 3361 414 3446 apertissimis
438 3360 584 3426 codicum
603 3362 798 3427 testimoniis
817 3363 950 3428 nitatur.
988 3359 1118 3426 Scilicet
1136 3362 1169 3427 in
1188 3362 1259 3446 ipso

134 3491 279 3554 imquam
307 3468 481 3553 principio,
510 3468 595 3552 quod
624 3491 746 3535 meram
775 3470 959 3534 barbariem
988 3490 1065 3553 prae
1093 3491 1128 3533 se
1151 3469 1363 3554 ferret,oxv11

134 3577 286 3643 sbsistere
314 3576 410 3640 veriti
437 3575 471 3639 in
500 3574 607 3641 media
635 3577 689 3641 via
716 3577 930 3642 substiterunt
959 3580 992 3638 et
1019 3575 1158 3642 mediam
1185 3576 1258 3641 bar-

134 3685 236 3751 sriem
259 3682 440 3748 exosculati
463 3687 554 3766 sunt,
577 3705 641 3748 non
665 3687 853 3768 reputantes
877 3683 1048 3767 adipsum
1072 3684 1179 3766 finem,
1203 3682 1259 3768 qui

134 3817 170 3860 in
200 3791 394 3857 coniunctae
423 3812 495 3855 cum
525 3790 679 3856 mediocri
709 3791 857 3856 barbarie
882 3789 1052 3854 mediocris
1076 3790 1259 3875 elegantiae

134 3908 153 3968 t
174 3897 237 3965 sed
255 3899 497 3964 consummatae
518 3897 607 3981 artis,
625 3903 811 3981 penetrasse
831 3918 968 3983 quorum
988 3918 1088 3981 opera
1106 3920 1260 3983 umquam
1307 3916 1311 3923 ·

134 4010 283 4093 [isquam
311 4005 363 4070 vel
389 4006 423 4069 in
452 4006 665 4090 grammatica
693 4004 865 4089 disciplina
893 4005 942 4069 vel
970 4004 1004 4069 in
1027 4005 1164 4070 metrica
1186 4026 1259 4090 pro·

134 4121 232 4184 etum
251 4112 304 4178 sit
340 4110 416 4177 Non
435 4111 549 4197 ignoro
569 4111 727 4196 equidem,
750 4116 829 4196 quot
851 4115 1054 4196 quantasque
1078 4112 1139 4177 hoc
1158 4130 1259 4196 genus

134 4244 200 4289 nne
234 4224 268 4285 et
294 4218 460 4284 cautiones
484 4223 516 4283 et
539 4218 761 4284 dubitationes
790 4219 922 4302 habeat,
950 4217 1036 4302 quod
1065 4216 1193 4282 facilius
1216 4216 1260 4280 sit

134 4331 357 4413 acceptorum
381 4327 556 4391 severitate
580 4347 690 4411 regere
715 4348 826 4411 quam,
854 4348 949 4410 quem
978 4324 1123 4389 libertati
1151 4323 1258 4386 locum

134 4460 219 4527 gum
252 4434 431 4500 necessitas
464 4434 675 4515 concesserit,
706 4432 873 4517 indagare:
912 4432 946 4496 in
980 4453 1044 4515 quo
1081 4451 1146 4494 non
1183 4450 1259 4494 raro
