2836 5034
392 297 458 364 436
683 309 946 362 raonnnouaul
969 308 1017 360 na
1040 308 1251 376 uarroursvo

394 463 484 524 ratus
512 463 608 524 esset.
654 457 762 543 Atque
790 459 853 524 hoc
884 456 1039 542 quidquid
1068 461 1119 522 est
1146 455 1251 521 laudis
1280 455 1417 522 sibinen

394 566 475 650 eripi
494 566 584 649 passi
599 565 839 630 Lindemannus
853 586 927 629 cum
941 564 1009 628 suis
1024 563 1291 649 congerronibns:
1310 583 1385 647 quos
1408 593 1412 619 ι

393 681 491 755 quam
519 672 637 736 leniter
663 672 838 756 perstrinxi
861 670 964 736 Musei
988 670 1102 754 philol.
1126 669 1193 735 tV
1217 692 1237 734 a
1259 692 1290 754 p.
1316 671 1373 735 136
1406 699 1409 724 ι

395 776 451 863 (=
463 778 580 862 Opusc.
602 778 682 862 phil.
705 778 737 842 Π
760 779 1003 862 porr-2171,
1026 801 1112 843 nunc
1135 779 1253 842 iterum
1276 776 1415 842 deificat

393 885 430 948 ln
451 908 532 969 quos
552 886 697 968 apprime
722 885 917 949 conveniunt
941 906 1023 969 quae
1043 889 1118 949 ante
1137 884 1199 950 hos
1218 900 1314 948 cxxn
1333 906 1411 949 anno

394 991 630 1077 indignatione,
663 996 696 1056 et
723 997 834 1056 tamen
862 991 986 1056 frustra
1013 995 1050 1055 ut
1077 1013 1163 1056 nunc
1191 996 1341 1076 apparet,
1371 991 1413 1055 Be

393 1099 633 1181 pronuntiavit:
671 1095 853 1162 ‘Nimirum
876 1097 910 1161 bi
933 1119 998 1162 non
1027 1099 1114 1182 ipsos
1137 1101 1267 1183 poetas,
1294 1118 1400 1162 none

394 1205 539 1289 rhythmi
563 1206 705 1290 genium,
729 1204 784 1270 sed
808 1204 960 1270 librarios
984 1206 1047 1270 sibi
1071 1206 1167 1270 duces
1187 1209 1334 1270 sumunt:
1357 1210 1389 1268 et

393 1311 597 1375 licentiarum
616 1311 740 1395 species
760 1311 822 1375 sibi
841 1312 978 1395 fingunt,
996 1317 1076 1397 quot
1094 1313 1128 1376 in
1147 1318 1218 1378 toto
1238 1312 1356 1403 Plauto
1375 1310 1418 1374 T·-

394 1440 455 1501 que
479 1418 616 1481 vitiosae
640 1418 794 1482 lectiones
823 1440 908 1482 nunc
935 1422 1076 1501 restant,
1100 1419 1219 1502 unique
1247 1419 1320 1485 loco
1348 1419 1403 1502 qui

394 1522 520 1587 dandus
539 1529 618 1607 erat,
641 1546 679 1587 ex
698 1524 801 1588 altero
825 1546 926 1609 aeque
949 1524 1104 1591 mendoso
1123 1525 1342 1608 patrocinium
1361 1548 1414 1610 qu

393 1630 455 1707 Qui
473 1630 603 1716 quidem
623 1631 772 1716 viderint,
792 1633 846 1716 qui
866 1655 900 1697 se
919 1631 1042 1697 civibus
1063 1632 1131 1695 suis
1149 1632 1377 1697 commendare
1397 1655 1417 1715 p

394 1758 467 1801 eum
492 1741 623 1821 poetam
650 1738 771 1822 dicant,
795 1740 887 1804 cuius
911 1762 963 1804 ars
987 1760 1059 1803 curn
1084 1742 1170 1803 vitae
1192 1759 1289 1803 usum
1313 1742 1346 1802 et
1370 1739 1404 1802 ia

353 1859 356 1864 ·
393 1844 552 1909 sermonis
576 1845 841 1911 consuetudinem
865 1850 1132 1931 repraesentaret,
1156 1845 1237 1909 illud
1261 1850 1372 1910 tamen
1392 1868 1413 1907 n

393 1953 444 2013 rat
463 1951 546 2033 quod
563 1949 674 2016 Cicero
689 1951 778 2017 Orat.
797 1956 816 2033 ξ
834 1954 897 2017 152
921 1952 999 2017 dicit
1023 1951 1121 2016 ‘nobis
1138 1973 1177 2015 ne
1192 1952 1223 2016 ai
1239 1954 1405 2034 cupiamus

393 2056 562 2121 distrahere
583 2079 669 2123 uoces
691 2059 885 2124 conceditur?

482 2160 543 2227 His
568 2168 675 2229 autem
699 2165 807 2230 verbis
831 2188 913 2250 quae
936 2167 1108 2232 continuat
1130 2165 1256 2231 Cicero:
1282 2165 1410 2230 ‘indica

393 2269 497 2334 tiones
521 2269 597 2334 illae
620 2271 711 2355 ipsae
733 2272 920 2337 horridulae
943 2269 1092 2354 Catonis,
1119 2272 1266 2338 indicant
1289 2294 1404 2337 omnes

392 2377 612 2458 praetereas,
636 2377 690 2461 qui
714 2382 750 2442 ut
772 2400 901 2442 uersum
925 2378 1069 2443 facerent
1092 2385 1188 2462 saepe
1211 2378 1367 2443 hiabant:

260 2508 378 2547 cxcvrrr
393 2481 466 2544 nius
496 2481 555 2545 Vos
576 2483 631 2562 qui
652 2483 788 2546 accolitis
810 2483 958 2547 Histrum
980 2484 1115 2564 startiam
1138 2491 1228 2566 otqac
1249 2486 1402 2567 adpictum,

394 2588 466 2650 dem
494 2589 593 2668 eroru
622 2610 792 2669 rrrrrnquom
820 2590 906 2653 uobis
930 2590 1025 2654 Graii
1051 2596 1141 2671 atque
1168 2592 1302 2655 ductori.
1353 2597 1389 2654 at

393 2695 492 2758 semel
516 2695 621 2776 Scipio
646 2697 765 2760 inuicte.
811 2702 844 2759 et
871 2697 1000 2779 quidem
1023 2718 1082 2759 nos
1106 2697 1175 2761 Hoc
1197 2703 1280 2761 rrrotu
1304 2700 1414 2760 rudior

391 2803 456 2865 sioc
478 2804 513 2864 iu
535 2805 620 2866 reoda
642 2805 741 2885 ponti.
788 2803 849 2866 hoo
877 2803 963 2866 idem
991 2805 1095 2868 nostri
1124 2804 1253 2885 saepius
1282 2825 1352 2866 non
1381 2809 1417 2866 tu

391 2909 476 2990 qnod
510 2907 624 2972 Graeci
658 2909 789 2973 laudare
823 2909 921 2972 etiam
955 2909 1090 2973 solent’:
1127 2909 1206 2973 haec
1239 2909 1345 2992 igitur
1378 2908 1415 2973 Gi

392 3016 491 3078 verba
515 3038 591 3079 cave
622 3038 662 3078 ne
687 3017 773 3078 ornni
799 3016 870 3097 lege
894 3014 1009 3080 solutis
1034 3015 1179 3079 versibus
1203 3014 1371 3079 Plautinis
1397 3040 1414 3080 e

391 3122 472 3183 tium
497 3122 657 3185 vocalium
683 3121 888 3185 multitudine
912 3121 1111 3185 deformibus
1136 3121 1322 3185 ullomodo
1344 3128 1400 3206 pul

391 3225 531 3309 putes.*)
579 3226 623 3290 Et
647 3226 806 3291 Naevium
835 3228 964 3311 quidem
995 3228 1067 3291 illos
1096 3229 1128 3291 in
1158 3228 1293 3290 senariis
1326 3226 1416 3313 (turp³

392 3334 536 3416 videtur)
570 3356 683 3398 revera
716 3335 885 3398 admisisse
917 3334 1027 3397 hiatus
1060 3333 1251 3397 credendum
1285 3356 1359 3398 esse
1395 3334 1414 3398 t

390 3440 528 3504 videtur:
560 3440 691 3504 tametsi
714 3440 808 3503 facile
832 3440 938 3504 fuerat
961 3440 1064 3504 vitato
1089 3440 1177 3503 hiatu
1203 3440 1346 3506 scribere
1371 3445 1413 3506 Gr

389 3543 495 3630 tis**)
520 3569 577 3610 nec
602 3546 789 3610 testimonia
812 3547 927 3610 desunt
951 3547 1084 3630 quibus,
1114 3569 1209 3629 quam
1236 3549 1401 3630 corruptis

389 3653 449 3714 bus
473 3654 538 3716 ianr
564 3652 717 3716 Tulliana
741 3657 831 3717 aetas
855 3676 913 3716 usa
937 3653 990 3734 sit,
1014 3652 1199 3716 doceamur:
1223 3657 1292 3716 tarn
1319 3655 1406 3717 eninr

388 3761 504 3839 poetae
535 3758 590 3822 ille
622 3760 827 3841 potissimum
859 3759 967 3821 hiatus
998 3762 1048 3821 est
1078 3759 1132 3838 qui
1161 3758 1311 3836 accolitis,
1349 3767 1382 3824 ut

388 3864 504 3927 urendo
530 3866 708 3948 scripturae
733 3866 927 3949 suspicetur,
951 3886 1016 3928 non
1041 3865 1083 3927 sit
1108 3887 1156 3927 rue
1182 3865 1285 3929 iudice
1312 3862 1418 3931 incl'eu

494 4056 519 4125 *)
540 4057 591 4127 [Ct
615 4058 683 4111 Nov.
704 4076 763 4113 exc.
784 4057 875 4111 Plaut.
895 4057 907 4109 l
926 4075 953 4126 p.
976 4064 1087 4126 ll³sq.,
1111 4057 1158 4111 ubi
1177 4060 1253 4126 pacis
1272 4062 1303 4114 at
1323 4061 1406 4114 Grai

388 4146 456 4198 aisse
476 4146 613 4199 Naevium
633 4146 765 4215 proponit
783 4145 975 4216 ltitscheliua]
1070 4179 1073 4185 ,

476 4233 515 4302 **)
535 4235 609 4288 Nam
628 4252 661 4288 ex
680 4251 723 4302 co,
743 4235 818 4303 qnod
837 4235 908 4289 talia
922 4237 954 4288 ut
968 4235 1040 4289 Grai
1054 4234 1249 4290 Lachmannus
1264 4254 1358 4307 nuper
1372 4239 1418 4292 do

386 4338 446 4375 esse
465 4323 551 4376 solita
569 4324 714 4377 elisionem
733 4325 802 4392 pati,
822 4324 936 4378 minime
952 4325 1132 4392 consequitur
1147 4327 1179 4379 ut
1192 4325 1253 4394 pati
1268 4326 1384 4382 hiatum
1401 4349 1412 4383 ε

386 4411 538 4465 offensione
559 4412 707 4481 potuerint.
