2836 5034
554 348 634 395 VEIT
658 348 810 395 WERLER
833 346 898 396 ALS
921 346 1064 395 DOCENT

417 487 521 553 Quodsi
539 504 621 544 nosse
640 488 734 559 oupis,
753 505 826 558 quae
845 488 882 542 sit
900 488 946 543 sia
964 487 1094 559 proxima
1111 486 1201 555 laudi,

471 576 551 631 Vnde
569 577 696 632 homines
715 578 835 647 tamam,
853 593 956 632 nomen
975 579 1004 632 et
1022 578 1100 633 astra
1117 577 1230 646 petant,

416 666 511 720 Ardua
528 665 596 733 quid
615 666 717 735 virtus,
735 665 804 735 quid
821 666 914 722 mollis
934 665 1036 721 inertia
1054 664 1167 721 suadet:

468 755 513 809 Me
532 755 608 825 lege,
629 757 696 810 tunc
715 754 788 810 votis
807 772 872 810 mox
889 755 1001 824 pooiere
1020 755 1085 810 tuis.

744 957 876 964 ——-

418 1098 458 1146 14.
496 1093 697 1163 Epigremm
716 1093 776 1149 eut
790 1093 869 1148 funs
883 1094 1031 1165 Dialoge
1049 1091 1208 1148 Lucieno.

239 1200 309 1269 (Aus
329 1199 371 1254 ‘L.
402 1198 520 1254 Lnoieni
548 1199 723 1255 samosateni
750 1200 864 1270 Dialogi
887 1201 935 1268 qui
958 1199 1033 1254 intra
1056 1198 1162 1269 scripto
1186 1197 1319 1252 carmine
1337 1197 1393 1252 suis

240 1288 399 1343 nominibus
417 1288 593 1358 explicantur
610 1288 646 1343 ad
665 1288 829 1343 comendam
848 1287 975 1358 linguam
994 1290 1024 1343 et
1041 1286 1173 1342 facundie
1193 1286 1310 1342 cultum
1328 1304 1393 1341 nan·

292 1375 452 1432 eisoendum
472 1377 576 1447 oppido
593 1393 680 1446 quam
699 1376 849 1448 aptissimi’
871 1376 994 1446 Leipzig,
1013 1375 1114 1430 Meloh.
1134 1374 1239 1431 Lotter
1260 1382 1343 1447 1⁶1³,
1369 1439 1372 1443 ⁴

657 1465 787 1520 auidam
807 1465 966 1535 Titelblatt)

621 1590 703 1644 Vitus
721 1589 872 1645 Vuerlerns
890 1589 998 1645 lectori.

346 1714 449 1771 Lucius
468 1713 593 1770 excultos
610 1713 723 1784 placido
742 1731 869 1769 sermone
888 1714 998 1784 lepores

400 1804 531 1874 Explicat
548 1803 577 1858 in
595 1803 682 1859 variis
701 1803 803 1859 cultior
821 1803 881 1873 ipse
899 1803 988 1872 libris,

346 1893 378 1946 ln
397 1892 498 1961 quibus
517 1893 559 1948 est
579 1891 710 1960 ‘Virtus’,
730 1891 874 1963 ‘Scapha'‚
896 1891 1024 1963 ‘Soipi0’,
1043 1892 1083 1946 sio
1103 1891 1295 1961 ‘Palinurus’,

400 1980 438 2036 Et
456 1981 540 2036 simul
557 1980 689 2036 Herculei
706 1980 822 2036 nomina
839 1980 917 2035 olera
934 1979 1021 2035 ducis.

348 2069 477 2141 Optimus
494 2072 597 2140 orator,
617 2071 696 2125 vates
715 2068 912 2125 celeberrimus
930 2068 1005 2123 idern

400 2157 500 2215 Cetera
518 2161 547 2215 et
565 2159 681 2214 arbitrio
699 2161 793 2214 versat
809 2148 913 2228 ubique
933 2174 991 2214 suo.

344 2248 476 2303 Rusticus
494 2262 523 2302 es
542 2247 687 2317 (quiduis),
707 2246 805 2303 sinon
823 2247 972 2302 virtutibus
991 2247 1065 2303 ultro

399 2335 518 2392 Eximiis
537 2337 613 2392 dooti
631 2352 824 2392 commovente
842 2335 905 2390 siri.

455 2683 495 2733 15.
527 2675 723 2747 Epigramm
743 2675 803 2731 auf
822 2675 978 2731 Valerius
997 2674 1169 2730 Maximus.

241 2783 309 2848 (Ass
335 2781 454 2836 ‘Valerii
476 2781 592 2836 Maximi
616 2781 690 2838 Civis
708 2780 829 2836 Romani
847 2780 881 2835 de
899 2781 983 2835 iactis
1001 2797 1035 2836 ao
1053 2781 1135 2837 dietis
1154 2782 1385 2839 memorabilibus

240 2869 439 2940 Exemplorum
454 2871 530 2925 Libri
547 2888 648 2926 novem
664 2876 723 2927 turn
739 2874 852 2941 propter
867 2871 924 2926 stili
940 2870 1131 2926 maturitatem
1145 2873 1207 2926 tum
1223 2887 1293 2927 sero
1308 2887 1385 2943 prop

276 2960 320 3012 ter
338 2959 396 3013 site
415 2959 627 3015 instructionem
647 2959 801 3014 utilissimi’
822 2959 950 3030 Leipzig,
969 2960 1071 3016 Meloh.
1090 2960 1188 3014 lotter
1210 2966 1294 3030 1614,
1313 2961 1362 3016 eni

668 3048 732 3102 dem
752 3048 956 3118 Titelblstt⁸))

567 3173 649 3227 Vitus
670 3172 818 3227 Vuerlerns
836 3171 1055 3228 Sultzveltensis.

381 3296 411 3351 Si
429 3297 471 3352 vis
492 3297 639 3353 candidule
658 3298 788 3352 absoluta
806 3297 896 3352 leotor

382 3386 455 3440 Heus
474 3386 577 3456 scripta
596 3386 756 3442 Aeneadum
775 3387 820 3440 tot
837 3388 867 3439 et
885 3384 1033 3454 Pelasgum

383 3475 507 3532 Prudens
524 3494 652 3546 noscere,
672 3475 696 3530 si
713 3475 791 3546 pium
810 3475 911 3543 deique

385 3562 497 3619 Cultum
517 3566 625 3635 syderei
643 3582 695 3620 neo
713 3565 876 3619 invenustos

381 3652 471 3709 liores
490 3653 624 3722 temporis
643 3656 674 3708 at
692 3653 861 3721 vetustioris,

381 3740 492 3796 Clarum
511 3741 640 3796 Romulei
659 3742 743 3796 decus
762 3741 898 3811 triumphi

381 3830 575 3899 Antiquosque
594 3830 691 3899 duces,
710 3831 814 3884 bonum
833 3828 992 3896 Camillum,

382 3920 439 3972 Aut
458 3918 540 3972 duros
560 3918 674 3972 Curium
692 3918 778 3972 boves
798 3919 969 3986 sequentem,

381 4005 440 4059 Ant
459 4005 570 4074 Brutos,
591 4005 704 4074 Fabios,
723 4022 801 4061 senes
821 4006 949 4071 Catones,

382 4096 439 4148 Aut
458 4093 543 4147 fortes
562 4094 672 4163 Delios,
691 4095 854 4163 patremque
875 4094 997 4163 [patrem
1015 4091 1130 4164 atquel]
1150 4096 1261 4165 natum,

381 4183 439 4235 Aut
456 4181 585 4236 Crassum
604 4182 796 4248 immodicum,
815 4185 908 4237 truoes
928 4180 1075 4252 Cethegus,

327 4360 354 4429 *)
379 4359 570 4430 [Wiederbolt
588 4361 617 4415 iu
635 4360 779 4431 Freyteg's
803 4361 975 4431 ‘Adparatus
998 4360 1168 4416 litterarius'
1195 4365 1216 4416 t.
1236 4362 1279 4417 ΙΙΙ
1300 4365 1389 4436 (Lips.

240 4454 319 4518 1755)
339 4467 365 4519 p.
386 4456 436 4504 643
448 4450 477 4517 f,
495 4450 551 4519 sgl.
572 4450 673 4521 Opuse.
693 4451 731 4505 lll
750 4469 777 4521 p.
794 4456 853 4505 114.
891 4449 921 4505 C.
936 4450 994 4521 W.]
