2886 5032
158 299 224 365 304
446 317 709 367 rsonsoonsm
732 317 779 365 nn
803 316 1016 368 mmorrsvs

158 459 428 545 quemadmodum
453 462 610 547 quosdam
634 484 746 526 versus
766 459 971 546 (versuumve
991 455 1116 546 partes)
1135 479 1282 524 servarim

158 567 193 632 in
215 567 249 631 Β
273 566 485 652 desideratos,
513 570 561 633 ite
584 569 712 634 circiter
740 568 859 654 viginti
882 568 917 633 Β
941 568 1097 650 serravit,
1127 587 1208 650 quos
1230 564 1283 629 ini

159 673 315 738 excidisse
334 672 481 738 codicum
501 674 565 740 OD
583 697 759 741 consensus
779 674 874 767 docet
893 674 1000 761 (velut
1018 673 1106 747 Trin.
1121 672 1195 738 322.
1209 668 1280 757 904)

159 779 215 844 sed
237 786 275 844 ut
297 783 408 844 tamen
432 780 537 847 altera
556 805 594 846 ex
612 786 705 866 perte
724 782 822 846 etiam
841 780 876 845 in
896 779 959 847 OD
977 781 1184 864 reperiantur
1198 798 1282 862 quem

160 911 258 973 quam
280 908 415 952 numero
444 889 552 974 pauci,
580 890 633 974 qui
658 912 677 954 e
699 889 733 953 Β
757 889 880 972 absint,
907 888 1004 953 relut'
1022 881 1283 953 Mostellariaell

161 998 189 1079 1,
215 994 265 1059 10.
289 994 329 1060 cf.
348 993 437 1058 'Prin
459 997 553 1061 1174.
591 998 698 1081 Atque
721 996 784 1060 hoc
808 1018 873 1062 uno
896 995 1015 1060 indicio
1040 994 1122 1060 setis
1144 993 1209 1059 iam
1229 1012 1283 1056 car·

158 1105 228 1165 tum
258 1122 329 1166 esse
358 1102 523 1186 existimo,
551 1124 592 1166 ne
620 1104 693 1187 quis
724 1102 788 1169 ΟΒ
814 1104 915 1169 libros
944 1125 983 1168 ex
1010 1102 1084 1186 ipso
1106 1100 1142 1166 B
1163 1102 1283 1184 repetere

159 1209 304 1273 animum
332 1207 472 1274 inducat
517 1208 632 1293 Neque
662 1214 782 1275 temere
811 1211 984 1295 quicquam
1007 1211 1192 1293 propterea,
1217 1200 1283 1291 quod

159 1317 211 1381 vel
241 1317 275 1380 in
301 1315 336 1380 Β
364 1315 434 1380 solo
463 1316 515 1380 vel
542 1316 578 1380 in
607 1318 686 1382 solis
710 1316 774 1383 01)
802 1317 936 1401 legitur,
963 1315 1100 1381 calidius
1127 1312 1283 1400 putandum

159 1425 210 1487 est
240 1421 316 1486 fidei
348 1424 406 1485 aut
439 1422 511 1505 plus
546 1427 603 1487 aut
634 1424 740 1489 minus
773 1423 907 1488 habere:
938 1422 1038 1488 immo
1068 1446 1106 1488 ex
1136 1421 1283 1488 coniuncta

159 1530 289 1594 demum
313 1527 428 1592 horum
451 1529 551 1593 trium
575 1531 718 1596 omnium
737 1530 894 1595 memoria
913 1529 994 1595 illud
1015 1531 1197 1613 eruendum,
1217 1520 1283 1611 quod

161 1636 307 1700 rideatur
321 1636 354 1698 in
368 1636 532 1700 communi
546 1637 637 1701 fonte
652 1658 668 1702 ε
682 1638 855 1702 exstitisse.
880 1636 910 1700 A
924 1637 1016 1703 cuius
1032 1641 1143 1703 tamen
1157 1631 1281 1716 exemplo

159 1742 255 1806 I'scile
280 1763 356 1805 sane
380 1743 561 1827 generatim
584 1743 740 1809 iudicanti
763 1747 856 1827 patet
877 1743 975 1829 longe
999 1743 1134 1828 propius
1152 1742 1185 1807 Β
1207 1756 1283 1826 qum

159 1848 224 1915 OD
253 1848 380 1932 abesse,
412 1849 467 1932 qui
499 1850 541 1915 ab
570 1850 628 1915 illo
659 1851 784 1916 minore
814 1849 932 1915 aetatis
961 1871 1059 1933 quam
1086 1844 1283 1932 praestantiae

159 1955 330 2019 intervallo
354 1954 483 2020 distent.
506 1955 629 2021 Verum
652 1955 717 2041 ipsi
731 1954 795 2022 OD
818 1978 883 2040 qua
907 1959 1050 2038 externa,
1073 1954 1184 2019 eadem
1206 1950 1283 2033 scrip·

159 2065 253 2126 turae
282 2083 409 2145 quoque
446 2062 656 2128 similitudine
684 2064 732 2129 ita
762 2063 983 2147 continentur,
1016 2066 1053 2128 ut
1083 2063 1219 2127 alterum
1243 2052 1283 2142 qul

159 2170 368 2254 inpromptu
394 2167 527 2252 habeat,
555 2168 621 2234 lere
650 2169 720 2233 sine
749 2168 816 2234 ullo
839 2168 1046 2234 incommodo
1069 2190 1179 2234 carere
1201 2167 1283 2232 alters

158 2277 271 2362 possit.
307 2275 393 2340 Nem
411 2276 527 2341 horum
547 2277 676 2362 quidem
695 2277 793 2341 etiem
811 2276 944 2361 propior
962 2280 1014 2341 est
1036 2275 1190 2359 affinitas,
1207 2288 1283 2358 qum

159 2407 241 2469 quae
269 2384 356 2447 inter
384 2381 486 2448 BDl
499 2382 529 2448 J
536 2389 553 2450 Z
588 2382 771 2448 intercedit:
812 2382 876 2447 nisi
905 2383 991 2467 quod
1019 2384 1131 2446 tamen
1157 2384 1283 2446 neutro!

159 2513 197 2555 cx
220 2491 323 2556 altero
346 2489 544 2573 descriptum
568 2511 638 2555 esse
662 2493 785 2554 certum
810 2491 868 2552 est.
906 2486 991 2552 Hinc
1014 2487 1117 2573 igitur
1140 2492 1190 2552 est
1211 2478 1283 2571 quod·

159 2620 231 2663 cum
261 2597 403 2662 breviter
434 2595 610 2681 loquimur,
638 2596 735 2661 fidem
765 2616 894 2661 omnem
925 2594 1097 2660 Plautinae
1128 2594 1283 2679 scripturi!¹

158 2710 244 2771 recte
269 2705 405 2769 dicimus
433 2703 472 2767 in
497 2703 747 2768 Ambrosiuni
770 2701 1119 2786 PalatInorumque
1151 2688 1283 2795 memor'd

158 2813 344 2878 consistere.
390 2809 541 2876 Ceterum
566 2833 584 2890 η
609 2833 682 2875 eum
706 2808 805 2873 fuisse
837 2808 979 2874 codicem
1008 2811 1153 2894 oportet,
1179 2807 1212 2871 iu
1237 2818 1283 2889 qur

63 2956 145 2996 mn
159 2919 299 3004 primum
328 2919 457 2983 sublata
477 2912 570 2982 iusta
597 2939 748 2982 versuum
771 2915 980 2980 distinctione
1003 2917 1121 3000 poetae
1145 2902 1283 2979 verberi

159 3047 275 3111 prosae
310 3025 467 3090 orationis
500 3023 743 3089 similitudinem
773 3021 1003 3106 scriberentur,
1035 3020 1191 3106 quonism
1221 3032 1283 3102 qual

160 3133 208 3197 ita
230 3155 315 3198 nova
339 3154 488 3197 versuum
512 3153 578 3195 non
602 3130 811 3195 metricorum
835 3127 1004 3212 discriptio
1029 3129 1161 3214 prodiil‚
1182 3150 1218 3193 ea
1234 3140 1283 3190 non

159 3262 313 3324 umquam
337 3240 403 3304 alia
426 3239 458 3303 in
483 3236 510 3303 0
531 3241 627 3321 atque
652 3237 686 3300 in
710 3235 744 3300 D
767 3238 826 3319 est,
849 3257 960 3299 verum
985 3235 1166 3299 communis
1188 3233 1283 3298 utrius·

158 3370 229 3432 quc.
276 3345 321 3411 Vt
343 3347 405 3411 hac
429 3366 556 3430 quoque
580 3344 614 3408 in
636 3346 727 3428 parte
751 3342 800 3406 illi
824 3364 842 3421 η
867 3341 970 3407 codici
993 3342 1133 3407 multum
1158 3347 1190 3407 et
1206 3340 1237 3406 Β
1255 3335 1283 3416 el,

159 3458 195 3518 ut
218 3457 469 3518 consentaneum
494 3454 544 3515 est
568 3449 704 3533 credere,
730 3449 760 3512 Τ
779 3451 956 3534 praestent.

247 3561 286 3625 ln
317 3558 491 3625 Germania
526 3561 635 3623 autem
665 3558 811 3621 servatae
840 3556 1038 3640 posteriores
1068 3556 1199 3621 fabulae
1229 3554 1283 3619 dno

158 3667 261 3731 decim
285 3672 458 3752 postquam
483 3687 521 3729 ex
544 3664 712 3729 hominum
736 3663 958 3728 litteratorum
986 3685 1046 3727 usu
1075 3667 1109 3727 et
1137 3666 1283 3729 consuetr¹

158 3773 232 3837 dine
256 3773 385 3858 elapsae
408 3796 467 3859 per
491 3772 616 3855 aliquot
638 3770 767 3835 saecula
786 3769 994 3835 delituerant:
1019 3767 1111 3855 (nam
1132 3771 1233 3835 etiam
1250 3789 1283 3854 qu

158 3881 378 3945 ‘Thesaurum
406 3877 595 3944 latirritatis'
622 3878 713 3941 illum
743 3876 889 3942 condidit
916 3877 1083 3942 e.saeculi
1107 3876 1173 3943 XII
1200 3876 1283 3944 codic

158 3989 199 4053 ab
224 3988 352 4072 Angelo
376 3986 463 4052 Maio
487 3984 589 4051 (llaec.
613 3989 696 4049 uuct.
720 4006 736 4048 c
761 3983 836 4048 Vat.
860 3984 928 4049 cod.
951 3983 999 4049 ed.
1023 3988 1114 4050 tomo
1135 3984 1219 4051 VIII
1242 3984 1283 4051 rn'

157 4099 285 4180 gutum,
313 4095 399 4158 solas
424 4098 496 4158 octo
519 4091 643 4178 priores
666 4090 850 4178 tractavit)
875 4091 993 4155 sacculi
1016 4090 1079 4156 XV
1104 4093 1203 4158 initio
1225 4094 1283 4159 ints

156 4201 258 4266 Italos
283 4222 321 4264 ex
345 4222 409 4265 uno
429 4200 463 4264 D
481 4200 701 4283 innotuerunt,
724 4222 741 4262 e
766 4221 828 4283 quo
848 4202 1008 4283 quotquot
1027 4199 1163 4266 illerum
1183 4206 1283 4268 exstar

157 4309 225 4372 sive
249 4306 371 4390 scripta
399 4308 466 4371 sive
494 4307 653 4391 impressa
681 4306 880 4391 exemplaria
906 4309 1036 4389 practer
1058 4306 1129 4373 ΒΟ
1149 4308 1283 4395 originer

157 4418 325 4479 traxerunt
358 4413 475 4477 omnia,
522 4412 584 4488 Qui
613 4435 685 4477 cum
714 4435 798 4477 anno
828 4427 1104 4479 cloccccxxvrm
1131 4415 1184 4480 uti
1212 4437 1283 4501 supr
