2836 5034
131 295 196 359 los
416 307 681 356 naonnoonnsn
704 308 752 354 on
776 305 990 355 uarroruavs

133 452 372 539 coniugationis
399 451 522 516 formas
550 473 655 517 rnaoco
682 471 807 516 oroewos
833 454 1022 534 ceterasque
1049 470 1184 535 personas
1200 473 1232 515 ca·

133 561 208 624 dere
232 560 282 624 vel
308 559 348 623 ad
372 559 445 642 ipsa
468 559 651 642 composita
674 581 693 622 a
716 557 856 642 simplici
880 559 927 622 irc
950 557 1049 622 verba
1070 554 1233 640 pertinuisse:

133 667 278 731 inaudita
302 667 388 731 enim
411 671 488 730 sunt
511 665 672 750 bisyllaba
694 667 766 731 obeo
787 667 898 731 adeam
920 665 1008 730 ineas
1029 663 1131 730 subeat
1144 669 1236 745 paroeat

134 776 272 840 redeant:
302 772 571 859 quemadmodum
594 794 635 836 ne
658 793 837 857 pronomen
862 770 994 856 quidem
1016 770 1068 835 vel
1091 768 1237 834 adverbim

134 902 168 946 eo
186 880 445 966 monosyllabam
465 879 764 966 pronuntiationem
782 900 938 963 nmquam
957 878 993 943 in
1011 876 1237 962 compositaatso

136 986 296 1070 particula
319 986 467 1050 servavit.
496 983 570 1049 Nisi
594 985 680 1070 quod
703 987 838 1068 excepta
860 1006 931 1048 csse
954 1006 995 1048 ea
1016 982 1169 1065 uidentur,
1186 1003 1239 1065 quae

137 1095 269 1178 longa-m
293 1093 455 1178 syllabam
479 1097 512 1156 εὴ
535 1096 609 1157 ante
633 1095 759 1177 etpost
776 1113 791 1156 a
808 1091 942 1174 habent,
965 1093 1002 1154 nt
1020 1089 1155 1156 fortasse
1173 1093 1241 1153 trau

136 1197 579 1284 ezulseoimil.111‚1‚82*)‚
611 1199 650 1263 de
684 1220 747 1283 quo
770 1220 865 1263 versu
888 1219 973 1262 nunc
998 1193 1243 1262 cohibendumiu·

138 1305 265 1388 dicium,
289 1309 322 1369 et
340 1305 484 1370 eiusdem
503 1305 528 1388 Ι,
542 1305 621 1389 1,69
641 1304 839 1387 bisyllabum
861 1304 1015 1369 ambiunt:
1039 1303 1074 1367 in
1096 1324 1157 1386 quo
1177 1300 1246 1365 uerbo

138 1411 200 1475 etsi
223 1412 422 1475 consuetudo
441 1413 454 1475 a·
472 1412 616 1476 vocalem
635 1434 693 1494 pro
713 1432 728 1476 e
746 1411 906 1495 probavit,
928 1413 1040 1475 tamen
1063 1409 1147 1473 ratio
1169 1407 1249 1473 emen

138 1521 197 1582 est.
243 1515 305 1581 Sed
328 1518 458 1596 antideo,
481 1519 634 1582 intererrat
656 1521 688 1582 et
711 1518 833 1582 similia
855 1516 1030 1601 trisyllaba
1052 1537 1124 1581 non·
1139 1515 1224 1580 luere

227 1622 376 1707 Denique
402 1646 425 1688 a
448 1625 592 1689 vocalem
619 1646 714 1689 nemo
737 1623 869 1708 ignorat
892 1622 980 1687 coire
1003 1644 1077 1687 cum
1101 1619 1255 1706 insequenti

139 1751 204 1793 non
235 1734 363 1793 tantum
396 1730 430 1794 in
462 1731 637 1809 decollare,
669 1730 725 1795 sed
756 1729 854 1794 etiam
884 1730 917 1794 in
947 1734 1049 1810 toreca,
1079 1750 1179 1807 suros,
1207 1729 1257 1792 duo

139 1834 550 1923 decas(Trin.775.1052),
572 1833 820 1922 queattuor**):
844 1837 943 1902 etiam
967 1837 1001 1901 in
1020 1858 1125 1920 puer,
1141 1836 1259 1920 puello,

140 1965 314 2027 numquam
339 1946 449 2008 tamen
471 1945 506 2008 in
523 1947 617 2028 poteri
633 1965 731 2028 puero
754 1949 787 2009 et
810 1944 924 2009 ceteris
949 1945 1092 2010 casibus:
1116 1950 1261 2030 praetem

141 2051 175 2114 in
195 2049 254 2131 fai
278 2048 365 2134 (106.
392 2050 492 2134 1090)
515 2073 588 2116 oum
611 2051 744 2135 reliquis
767 2050 881 2116 formis
905 2073 987 2135 quae
1010 2073 1029 2115 r
1051 2051 1195 2116 litteram
1215 2070 1263 2115 noa

141 2155 264 2222 habent
291 2158 454 2241 omnibus,
487 2159 550 2222 nisi
577 2159 633 2223 ubi
662 2181 732 2223 eam
760 2159 905 2224 litteram
933 2158 1095 2242 producta
1121 2179 1137 2223 e
1164 2157 1265 2224 vocalis

141 2263 304 2348 praeeedit
325 2269 363 2328 ut
384 2264 419 2329 in
440 2266 581 2345 fuerant:
604 2287 679 2330 nam
702 2288 760 2332 nec
781 2266 879 2347 fierit
900 2286 959 2330 nec
980 2265 1090 2346 sumas
1112 2287 1172 2331 nec
1192 2265 1264 2347 forero

141 2370 176 2434 in
201 2370 291 2435 binas
316 2372 459 2456 syllabas
483 2394 635 2456 umquam
659 2373 856 2438 coaluerunt.
889 2371 996 2457 Atque
1019 2372 1071 2437 his
1095 2372 1215 2438 finibus
1234 2373 1270 2437 iu

46 2496 128 2540 cnxv
143 2500 181 2542 ca
209 2477 367 2561 synizesis
396 2483 573 2562 mercetur,
607 2484 643 2543 ut
670 2483 705 2544 εὴ
733 2501 753 2542 a
781 2479 844 2544 lues
861 2483 996 2561 patrous
1019 2484 1053 2543 at
1075 2478 1118 2544 ab
1141 2500 1216 2545 aare
1236 2481 1270 2543 is

141 2586 235 2649 sbait
260 2585 381 2649 ‘irrubuus
408 2586 576 2649 attolerabant
603 2590 636 2649 et
664 2607 683 2650 a
711 2586 802 2649 tiriaus
822 2587 927 2666 potuit
947 2585 1132 2667 pullularunt
1155 2590 1188 2651 et
1210 2607 1271 2650 vero

142 2693 239 2755 etiam
265 2716 284 2756 a
307 2694 386 2756 teucri
409 2692 451 2755 sit
475 2692 684 2756 alienissima:
708 2692 857 2775 quocirca
880 2693 998 2757 triiris
1022 2715 1050 2756 v.
1076 2693 1141 2757 708
1166 2717 1186 2757 a
1210 2699 1272 2767 trior,

142 2821 209 2862 non
233 2789 329 2862 trieris
353 2821 371 2861 a
396 2802 479 2862 lucar
502 2798 707 2862 scribendum
732 2798 809 2862 erat.

231 2904 376 2969 Tertium
396 2925 497 2988 genius
518 2905 618 2968 habes
638 2905 788 2969 licentiae
803 2905 1010 2988 prosodiaoae
1029 2904 1065 2968 in
1085 2905 1274 2989 bisyllaba

143 3010 349 3092 potissimum
370 3010 558 3075 vocabula
577 3011 847 3092 accommodatae,
863 3034 999 3095 quorum
1014 3011 1133 3076 finibus
1151 3014 1275 3077 manime

143 3117 299 3181 contineri
328 3139 399 3183 curn
427 3118 609 3201 neglectam
637 3117 832 3199 positionem
860 3120 931 3180 turn
959 3116 1067 3181 brevis
1093 3118 1216 3182 vocalis
1237 3138 1274 3181 ec

143 3222 289 3306 thlipsim
320 3223 458 3286 vidimus
487 3245 555 3305 cap.
579 3221 609 3285 X
633 3227 665 3286 et
688 3221 744 3286 xl.
791 3221 875 3286 Nam
904 3223 931 3287 si
960 3245 979 3287 a
1003 3225 1197 3306 compositis
1220 3224 1274 3288 illis

142 3330 249 3393 deinde
280 3351 416 3394 seorsum
449 3333 482 3392 et
516 3328 678 3392 similibus
711 3329 895 3412 recesseris,
928 3328 1127 3412 simplicium
1160 3330 1274 3414 quiden
1301 3340 1303 3363 ²

144 3437 390 3519 vocabulorum,
419 3437 452 3498 in
481 3436 598 3519 quibus
622 3436 786 3519 propriam
811 3435 873 3499 sibi
897 3434 1004 3498 sedem
1029 3435 1187 3518 synizesis
1210 3436 1274 3515 lixit

143 3543 281 3625 simplex
315 3548 346 3605 et
380 3542 568 3625 principalis
600 3541 720 3626 forma,
753 3542 783 3607 h.
808 3564 834 3608 e.
865 3541 1034 3607 nominum
1067 3544 1272 3608 nominativus

143 3649 379 3732 verborumque
404 3650 507 3732 prima
530 3671 677 3732 persona,
702 3649 851 3735 binarum
875 3648 1077 3731 syllabarum
1102 3668 1271 3714 mensnram

143 3777 208 3819 non
231 3756 314 3820 solet
333 3754 495 3819 excedere:
520 3755 725 3838 trisyllabum
744 3760 889 3837 puratum
907 3755 970 3819 sibi
990 3755 1157 3820 sociarunt
1177 3755 1269 3820 affinia

142 3863 202 3926 (Iao
226 3867 259 3925 et
282 3863 377 3925 trinum
400 3861 589 3926 numeralia.
636 3861 771 3945 Aptiore
795 3860 895 3925 etiam
919 3860 1049 3924 uinculo
1074 3861 1161 3926 inter
1183 3884 1214 3925 se
1234 3859 1270 3922 al·

143 3973 248 4033 terum
278 3973 309 4032 et
337 3969 469 4032 tortium
500 3990 600 4053 genus
629 3969 847 4049 continentur,
880 3971 917 4031 ut
940 3989 1023 4050 quae
1047 3968 1082 4031 in
1105 3965 1272 4050 bisyllabas

142 4076 265 4139 formas
289 4076 446 4140 iambicae
471 4075 518 4140 vel
544 4075 790 4160 pyrrhichiaoae
814 4096 981 4139 mensurae
1006 4075 1131 4138 cadant
1176 4076 1274 4154 suque

249 4321 274 4388 *l
296 4319 347 4390 [ef.
363 4322 456 4375 annot
477 4321 512 4374 ad
531 4321 605 4376 hunc
624 4322 752 4390 versum]

232 4408 273 4478 **)
294 4407 348 4478 [Cf.
371 4408 469 4477 Opnso.
489 4409 557 4480 phil.
578 4410 616 4464 Ill
636 4428 662 4481 p.
683 4415 785 4479 seseq.
806 4410 880 4481 650]
