2836 5034
318 333 615 384 orsnuusrrormn
638 333 711 381 uun
735 319 941 382 srrsmcnns.
1140 316 1200 380 701

122 500 275 543 ranamm
304 481 337 540 et
364 477 481 542 virium
510 476 737 560 defectionem,
761 477 816 540 sed
840 477 944 559 floris,
967 475 1109 559 roboris,
1132 497 1204 561 gra·

122 585 183 663 tis,
212 585 414 649 auctoritatis
443 585 677 649 incrementum
705 588 739 648 et
768 589 804 647 ut
835 605 900 647 uno
928 582 1027 647 verbo
1059 582 1203 646 dicamus

124 715 161 756 us
190 692 365 756 senectutis
394 692 609 775 iuventutem,
639 690 694 754 sed
718 691 783 754 vim
807 688 1025 755 immortalem
1049 688 1204 753 divinitus

122 799 181 863 itae
204 798 336 863 mortali
361 799 471 884 generi
495 797 628 880 indolis,
652 796 707 861 sed
731 818 906 881 perennem
929 796 1046 863 summi
1070 794 1204 860 deorum

124 906 214 989 elicii,
231 905 316 989 quod
336 906 457 970 artium
476 906 722 989 litterarumque
741 904 862 968 lumine
881 904 1076 986 continetur,
1093 903 1200 988 digni-

122 1032 160 1075 rm
183 1011 438 1077 luculentissime
461 1016 633 1077 testantur.
679 1010 793 1095 Itaque
816 1015 989 1094 postquam
1015 1032 1088 1075 eum
1112 1010 1202 1075 vario

122 1141 240 1203 iporum
268 1120 404 1186 decursu
431 1123 503 1188 tum
519 1119 625 1205 gravi
651 1119 769 1183 horum
797 1139 956 1183 annorum
979 1117 1203 1183 vicissitudine

122 1247 129 1291 ι
148 1227 385 1291 trisaeclisenex
409 1226 581 1291 Albertina
607 1224 735 1290 Vestra·
749 1224 879 1289 virtutis
902 1230 936 1290 et
958 1226 991 1290 in
1014 1225 1132 1290 litteris
1156 1247 1205 1290 or·

122 1332 183 1417 uis,
205 1332 371 1418 augendis,
393 1331 594 1398 illustrandis
614 1332 815 1416 conspicuae,
839 1333 926 1397 etin
946 1332 1014 1396 vita
1032 1333 1203 1398 adversm

122 1440 288 1526 eralemque
306 1441 547 1506 humanitatem
570 1439 812 1523 conformanda,
835 1437 1096 1523 vindicandaque
1115 1441 1203 1506 omni

122 1567 233 1611 nomm
256 1546 464 1615 contentione
493 1545 659 1632 cogitandi
687 1545 867 1631 agendique
890 1546 924 1609 in
948 1547 1062 1631 quovis
1086 1566 1205 1630 genere

122 1653 204 1736 itate,
223 1654 358 1735 iustitia,
375 1642 529 1718 libertate
543 1653 774 1737 comprobatae
789 1651 972 1735 exemplum
986 1652 1083 1738 longe
1098 1652 1204 1737 splen·

122 1758 261 1824 issimum
291 1758 406 1824 edidit:
436 1758 532 1823 huius
562 1758 693 1844 quidem
724 1758 864 1842 exempli
895 1760 1098 1843 praestantia
1130 1782 1203 1825 cum

122 1885 130 1927 1
154 1888 356 1931 communem
384 1864 500 1929 debeat
527 1865 560 1929 in
588 1886 761 1951 germanas
790 1865 915 1950 patriae
939 1865 1109 1931 universae
1133 1890 1203 1933 aca-

122 1972 325 2055 sinehabere,
344 1977 413 2036 tum
432 1971 599 2055 aliquanto
618 1973 752 2057 propius
771 1971 873 2037 videri
892 1976 1001 2056 potest
1019 1973 1059 2038 ad
1074 1980 1204 2039 nostras

122 2078 267 2144 issimum
294 2080 438 2144 rationes
468 2079 639 2163 pertinere.
681 2077 848 2143 Habemus
877 2078 963 2143 enim
993 2101 1051 2144 nos
1075 2079 1204 2166 quidem

143 2185 224 2269 Vos,
255 2189 395 2250 veterem
426 2190 459 2250 et
488 2185 657 2270 antiquam
686 2185 930 2250 universitatem
958 2185 1145 2252 adolescens
1173 2192 1207 2252 et

122 2316 227 2378 squam
251 2293 445 2378 pubescens,
473 2292 632 2377 imprimis
661 2292 876 2375 suspiciamus
905 2291 1128 2378 eVestroqne
1154 2316 1206 2357 ex-

122 2400 177 2485 ple,
205 2404 242 2466 ut
269 2422 287 2465 e
314 2399 376 2464 riri
400 2399 596 2466 auctoritate
623 2398 775 2463 iuvenilis
806 2397 997 2481 aemulatio,
1021 2400 1206 2465 efficacissi-

122 2529 147 2571 m
169 2507 300 2571 virtutis
324 2507 568 2572 incitamentum
592 2510 742 2591 petamus
765 2509 798 2569 ct
820 2504 1000 2570 voluntatis
1019 2505 1205 2571 firmamen-

122 2635 139 2677 1.
170 2613 239 2689 Quo
258 2611 391 2696 secedit,
410 2613 495 2698 quod
510 2614 673 2679 consimili
688 2611 875 2677 condicione
896 2613 1017 2677 incluta
1032 2612 1205 2676 Albertina

122 2724 177 2785 nra
207 2726 239 2785 et
267 2719 348 2785 haec
378 2720 556 2786 Fridericia
585 2718 761 2786 Guilelmia
790 2718 947 2784 Rhenana
979 2719 1039 2783 hac
1073 2719 1205 2799 utimur,

122 2825 146 2888 d
173 2828 205 2890 in
235 2828 387 2891 extremis
417 2829 506 2912 regni
532 2826 696 2892 Borussici
719 2828 869 2892 terminis
892 2827 1070 2891 collocatae
1094 2848 1205 2890 sumus

122 2932 238 2996 tissima
260 2933 453 2998 vernaculae
477 2939 510 2997 et
532 2935 739 3017 incorruptae
772 2933 937 2997 doctrinae
961 2933 1207 3017 propugnacula

122 3060 172 3102 1a
195 3040 333 3104 barbara
356 3039 577 3104 illiberalitate
599 3045 670 3104 tum
694 3062 714 3103 a
736 3039 862 3105 liberali
886 3039 1020 3104 levitate
1038 3040 1202 3105 vindican-

122 3171 131 3206 ε.
170 3144 258 3229 Ergo
282 3147 377 3231 aequi
401 3146 543 3229 bonique
566 3146 738 3227 consulite,
761 3146 878 3229 quibus
902 3146 1100 3229 singularem
1124 3152 1204 3211 tem·

122 3269 175 3314 um
189 3249 380 3316 Vestromm
395 3251 583 3316 felicitatem
598 3253 683 3316 votis
702 3251 900 3336 optimisque
914 3253 1077 3317 ominibus
1096 3274 1207 3337 prose·

122 3375 200 3421 mur:
224 3379 307 3441 quae
331 3359 513 3422 curavimus
533 3363 570 3424 nt
594 3359 692 3423 etiam
711 3380 820 3422 coram
840 3363 1075 3443 nuncupentur,
1099 3360 1206 3424 missia

122 3459 181 3526 bus
199 3464 343 3549 collegis,
366 3465 520 3548 aquibus
539 3465 601 3530 hae
615 3464 719 3530 Vobis
738 3465 866 3529 litterae
889 3465 1073 3549 reddentur,
1096 3468 1199 3532 altero

122 3562 162 3632 ius
184 3570 372 3636 Albertinae
396 3572 539 3654 alumno,
562 3570 597 3637 F.
622 3572 675 3653 A,
698 3572 990 3637 astronomicarum
1015 3573 1202 3659 disciplina-

122 3676 236 3760 uapud
260 3698 320 3741 nos
343 3677 538 3761 professore,
568 3678 672 3743 altero
695 3677 729 3745 G.
753 3677 783 3742 S.
790 3729 798 3762 ,
825 3678 1120 3744 lurecousultorum
1146 3680 1204 3745 Or·

122 3776 196 3847 ish.
218 3788 240 3848 t
264 3781 385 3848 decano
408 3782 583 3868 eodemque
607 3789 766 3850 senatore.

152 3884 242 3955 l'rxit
268 3889 357 3955 Deus
385 3888 536 3974 Optimus
564 3890 740 3976 Maximus,
770 3897 807 3957 ut
839 3892 980 3957 inclutae
1012 3894 1204 3959 Albertiuao

122 3991 171 4057 uis
192 3996 415 4080 inposterum
442 3995 571 4061 illibata
596 3997 698 4080 duret,
723 3998 916 4082 fortiterque
934 4000 1133 4083 propulsatis
1158 4001 1204 4067 eis

122 4095 223 4187 nouis,
244 4124 327 4187 quae
355 4101 405 4166 vel
434 4105 504 4168 auri
533 4126 625 4169 sacra
653 4105 757 4170 fames
785 4106 979 4192 sordidaque
1008 4108 1087 4172 lucri
1116 4108 1203 4192 mpi-

122 4204 163 4287 ‘⁴⁸2
180 4228 260 4292 quae
283 4229 370 4273 nunc
391 4209 457 4274 lere
475 4210 634 4276 dominari
654 4213 687 4276 in
711 4213 807 4277 rebus
825 4214 978 4278 humanis
998 4214 1132 4298 occepit,
1156 4214 1205 4279 vol

122 4310 210 4390 tpicux
244 4320 278 4380 et
308 4319 457 4382 tortuosa
492 4317 699 4384 illiberalium
737 4321 963 4387 tenebrionum
998 4320 1206 4395 irruirlririotio,

122 4430 164 4481 tm
182 4422 369 4489 confidimus
391 4422 433 4489 ad
455 4445 566 4490 veram
589 4423 846 4493 dominationem
870 4450 1046 4514 numquam
1072 4450 1204 4515 pierreu-
