2886 5032
161 308 226 372 646
543 318 779 368 usrarurscau
802 318 931 368 annau.

162 466 358 551 dignitatem
377 465 428 529 vel
448 467 599 547 vestram,
622 463 797 544 auditores,
821 463 1100 547 exspectationem
1121 463 1268 529 ullomodo

164 572 348 657 exaequari:
386 594 444 637 nec
472 575 522 636 est
550 569 637 635 enim
664 569 699 633 in
721 570 818 634 nobis
842 570 958 635 idonea
981 571 1139 636 orationis
1160 569 1270 650 facultas,

164 701 224 745 nec
247 679 276 744 si
300 701 364 763 qua
386 683 485 762 esset,
516 700 631 762 parare
655 677 742 741 iusta
765 677 1003 745 sententiarum
1026 679 1149 745 lumina
1168 701 1217 763 per
1232 677 1296 742 otii'

166 787 334 870 penuriam
362 786 522 850 licuisset:
554 787 665 849 tamen
693 784 734 848 ab
762 783 824 848 hac
852 784 984 870 quidem
1012 789 1119 871 parte,
1149 791 1184 852 ut
1202 786 1272 850 litere

165 894 278 974 fatear,
302 892 451 957 timidum
474 914 540 955 una
562 891 657 955 facilc
680 891 867 956 consoletur
885 893 1054 977 cogitatio,
1076 892 1222 978 imprimis
1236 890 1274 955 illc
1307 908 1309 949 ε

166 999 317 1084 apposita
345 1021 427 1084 quae
457 999 506 1061 vel
535 998 641 1063 miuus
669 998 829 1063 instructo
858 999 1052 1065 abdicandi
1075 1005 1144 1067 arte
1167 1001 1274 1065 animum
1306 1022 1309 1035 ¹

167 1112 201 1170 et
230 1107 314 1171 vires
343 1107 454 1172 addat:
487 1106 671 1171 consoletur
699 1105 802 1188 ipsius
830 1107 1031 1190 argumenti,
1062 1107 1097 1172 in
1121 1130 1182 1194 quo
1203 1125 1275 1172 verse
1305 1086 1309 1183 l

168 1235 249 1295 mur,
272 1214 372 1278 insita
395 1213 594 1278 excellentia.
627 1213 699 1290 Qua
723 1234 851 1296 sperare
873 1211 971 1278 liccat
993 1217 1030 1278 ut
1048 1215 1213 1298 quantavis
1229 1232 1275 1277 ora·

168 1320 249 1384 toris
273 1320 479 1385 mediocritas
509 1320 639 1406 egregie
662 1325 891 1405 compensetur
913 1324 947 1385 et
969 1344 989 1386 a
1012 1322 1184 1389 verborum
1203 1317 1277 1387 tecm·

168 1429 236 1491 tate
269 1426 309 1490 ad
341 1449 449 1492 rerum
482 1425 609 1510 pondus
642 1427 841 1493 audientium
873 1427 1061 1493 voluntates
1095 1428 1277 1495 traducantu.

168 1533 238 1599 Nec
261 1535 366 1618 magis
391 1534 470 1600 illud
494 1535 641 1618 profecto
666 1533 850 1615 verendum,
873 1556 914 1599 ue
933 1535 985 1600 vel
1004 1534 1158 1600 laudandi
1176 1531 1278 1601 materia

169 1663 321 1727 umquam
341 1641 528 1717 deliciamur
541 1640 592 1705 vel
611 1662 725 1724 parum
740 1641 908 1705 varietatis
932 1663 971 1705 ea
991 1641 1140 1709 laudatio
1162 1643 1279 1708 habitum

170 1751 227 1833 sit,
260 1771 343 1833 quae
366 1747 541 1832 quotannis
565 1768 675 1812 coram
698 1746 813 1812 iisdem
837 1748 1040 1814 auditoribus
1063 1745 1279 1836 redintegrandi

170 1856 223 1921 sit.
270 1854 343 1919 Sive
368 1855 454 1919 enim
476 1855 604 1938 imperii
628 1855 796 1938 praeclare
820 1855 905 1938 gasti
929 1855 1066 1939 gloriam
1092 1858 1279 1942 persequimur

170 1962 288 2026 bellica
312 1964 431 2027 virtute
455 1984 521 2027 non
545 1961 652 2026 minus
676 1983 774 2045 quam
798 1961 900 2026 animi
922 1964 1109 2030 constantia
1131 1959 1279 2049 partamir

171 2069 305 2154 ipsaque
334 2069 498 2134 communi
521 2069 671 2152 Europae
700 2069 789 2133 clads
816 2069 977 2154 imprimis
1005 2073 1220 2156 conspicuam:
1243 2085 1279 2131 scu

172 2181 356 2261 spectamus
376 2178 462 2243 vitae
481 2175 677 2242 domesticae
696 2176 923 2260 innocentiam,
937 2199 1065 2243 morum
1084 2178 1279 2265 integritatem

172 2285 304 2369 pietatis
319 2307 385 2349 non
399 2285 528 2348 fucatae
544 2283 795 2367 simplicitatem,
813 2283 1039 2350 institutorum
1054 2283 1279 2352 sanctimoniam:

173 2392 240 2456 sive
269 2393 357 2475 pacis
391 2395 477 2456 artes
504 2391 752 2475 litterarumque
780 2390 877 2455 decus
894 2392 976 2474 pari
1004 2393 1232 2459 munificentiae
1248 2409 1280 2451 εἰ·

173 2499 297 2582 pientia
321 2498 493 2564 adauctum
519 2499 788 2583 contemplamur:
822 2497 895 2582 quis
919 2501 970 2562 est
993 2520 1127 2584 quaeso,
1151 2501 1221 2586 quin
1237 2513 1280 2560 noll

170 2603 302 2671 'tantum
330 2606 476 2671 caritatis
506 2609 539 2669 et
566 2605 784 2670 venerationis
813 2627 960 2670 caussam
986 2607 1221 2691 gravissimam,
1244 2595 1280 2666 etl

174 2714 272 2779 etiam
306 2713 530 2778 inexhaustam
565 2711 691 2776 debitae
724 2713 830 2776 laudis
863 2714 1033 2778 materiam
1061 2716 1279 2792 varietatemque

175 2823 355 2905 inventam,
393 2820 621 2884 aemulationis
654 2823 763 2884 auteur
801 2821 1096 2886 luculentissimum
1134 2817 1277 2903 erremplulll

174 2930 376 3013 propositum
401 2949 472 2991 esse
495 2950 532 2990 er
556 2927 657 2991 animi
682 2927 844 2991 sententia
867 2929 1080 3011 profiteatur?
1114 2930 1173 2995 Sed
1196 2936 1279 2995 tauea
1306 2950 1309 3017 g

174 3035 254 3098 haec
277 3039 314 3097 ut
337 3034 403 3097 sint
426 3033 473 3096 ita
496 3033 544 3096 uti
569 3033 647 3115 dixi,
676 3032 779 3098 nihilo
804 3035 910 3098 minus
934 3034 1077 3100 difficilis
1102 3039 1278 3102 estmorae
1307 3020 1309 3093 i

175 3165 245 3204 rum
273 3140 430 3222 laudatio,
458 3141 552 3223 idque
580 3130 645 3204 uon
674 3163 771 3205 uuam
796 3142 837 3205 ob
862 3164 1020 3206 caussam.
1066 3143 1153 3209 Nam
1175 3144 1279 3228 primum

176 3252 453 3329 quantuscumque
478 3247 631 3330 splendor
654 3252 704 3311 est
727 3270 837 3313 earum
860 3270 981 3331 rerum,
1010 3273 1090 3333 quas
1114 3250 1281 3316 recordemtI

176 3352 425 3435 praeteritas,
455 3359 562 3417 tamen
592 3376 646 3417 eas
674 3355 763 3437 ipsas
792 3377 858 3418 non
887 3355 1010 3438 patitur
1033 3362 1151 3423 natura
1174 3359 1281 3422 hunam

176 3460 348 3524 enitescere
372 3483 448 3543 prae
472 3460 710 3544 praesentibus,
739 3462 793 3524 sed
822 3463 861 3525 ad
891 3483 1003 3526 recens
1027 3469 1190 3546 gestorum
1211 3447 1283 3526 adul·

142 3592 160 3628 v
175 3566 334 3630 rationem
362 3569 509 3652 ingenito
538 3568 753 3632 invitamento
782 3570 906 3650 rapitur
934 3592 973 3632 cx
997 3592 1171 3654 eorumque
1192 3563 1285 3651 cogill‘

176 3672 268 3735 tione
300 3675 505 3757 praecipuam
539 3674 623 3738 solet
655 3675 855 3757 voluptatem
889 3697 1011 3758 capere.
1064 3677 1155 3752 Quod
1186 3669 1288 3759 quidem

176 3778 248 3842 inde
268 3801 287 3842 a
306 3777 430 3846 Phemii
450 3780 616 3844 Homerici
636 3779 886 3864 Telemachique
910 3783 1112 3865 temporibus
1136 3762 1289 3848 communis

175 3908 351 3950 consensus
375 3888 539 3969 probavit:

334 4050 391 4124 τὴν
415 4049 474 4124 γὰρ
499 4047 611 4126 ἀοιδὴν
636 4053 757 4126 μᾶλλον
781 4049 970 4113 ἐπικλείους’
993 4049 1168 4130 ἄνθρωποι,

335 4157 401 4232 ἥτις
425 4155 625 4220 ἀκουόντεαι
650 4157 792 4234 νεωτάτη
818 4156 1043 4235 ἀμφιπέληται.

176 4313 212 4377 Id
237 4319 344 4379 autem
374 4338 445 4379 cum
474 4317 646 4381 avatibus
671 4322 704 4381 et
727 4319 831 4401 poetis
861 4317 1040 4382 rectissime
1065 4319 1160 4383 etiam
1183 4314 1215 4379 ad
1232 4317 1288 4370 013'

177 4425 264 4484 tores
288 4422 513 4505 transferatur,
547 4424 639 4488 facile
668 4426 871 4511 intellegitur
895 4446 993 4507 quam
1018 4427 1062 4490 sit
1084 4424 1215 4491 insuavis
1232 4409 1285 4476 eius
