2886 5032
151 311 215 374 722
376 324 611 376 nurnrmscnn
635 312 1070 396 succumberemus,

198 543 200 547 ’
291 557 327 644 u)
351 559 404 623 Im
427 559 668 625 Prooemium
691 559 756 624 des
780 555 1047 627 Sommersem
1072 561 1154 626 1860
1185 581 1188 586 ·

434 699 591 788 (elogium
613 700 648 767 L.
672 699 804 766 Corneli
828 699 1014 788 Scipionis).

239 842 394 929 Superest
415 849 453 910 ut
475 866 574 910 uncos
594 846 685 928 paoli
707 845 818 927 cepisti
839 866 990 940 mopreom
1011 848 1192 928 1001016001
1211 846 1268 908 raul-

152 956 259 1032 101000
280 953 420 1029 01110103,
448 955 522 1015 utut
544 952 764 1034 incompertae
793 952 912 1035 nobiae
931 953 1025 1017 vobis
1049 953 1117 1018 cari
1139 953 1269 1018 commili-

151 1059 246 1120 tones
270 1059 530 1122 commendemus
553 1081 611 1141 pro
632 1058 719 1122 virili
741 1062 834 1141 parte
858 1058 1078 1142 aemulandas,
1101 1060 1155 1123 sed
1175 1082 1222 1123 ees
1240 1059 1269 1121 ab
1318 1066 1320 1071 '

150 1164 262 1227 aetatis
280 1167 437 1244 parvitate
458 1186 555 1247 quam
579 1165 721 1229 maxime
744 1165 915 1230 seiunctas
962 1163 1090 1231 Valete.
1315 1192 1320 1355 p

289 1482 321 1569 v)
344 1483 397 1548 Im
422 1484 666 1551 Prooemium
691 1484 756 1550 des
781 1484 1047 1551 Sommersem.
1074 1487 1158 1553 1862
1317 1414 1320 1451 1

474 1627 650 1713 (cauticum
674 1626 788 1711 Oedipi
811 1625 972 1714 (10101101).
1293 1646 1313 1713 0

244 1768 289 1833 Et
316 1769 355 1833 de
384 1766 543 1855 Sophocle
570 1771 700 1854 quidem
727 1770 807 1836 haec
834 1770 1005 1837 hactenus:
1038 1794 1135 1856 quem
1158 1791 1274 1837 memen-

154 1877 222 1939 tote
247 1877 453 1956 (mppocdvnc
482 1882 579 1963 atque
607 1877 755 1943 εὐκολία(
777 1878 812 1942 in
836 1877 950 1963 quovis
974 1899 1093 1963 genere
1117 1879 1275 1962 exemplum

151 1985 184 2045 et
216 1981 408 2046 admirabile
442 1987 476 2048 et
507 2007 639 2069 prorsus
672 1985 812 2051 amabile
845 1989 972 2049 exstare
1003 1983 1276 2071 dignissimumque

150 2089 235 2172 quod
253 2089 288 2153 in
308 2113 366 2155 suo
387 2091 523 2176 quisque
543 2113 661 2176 genere
680 2091 881 2157 aemulemur
899 2113 971 2156 cum
987 2091 1172 2158 honestatis
1190 2093 1277 2157 fructu

151 2196 325 2262 uberrimo.
358 2197 452 2275 Quod
473 2202 627 2282 superest,
652 2198 835 2263 scholarum
859 2197 945 2263 infra
963 2198 1149 2283 positarum
1171 2200 1278 2284 copiam

153 2307 250 2387 atque
273 2304 466 2369 varietatem
492 2305 670 2370 consolitae
688 2304 868 2369 industriae
887 2308 1015 2369 vestrae
1033 2306 1279 2370 commendamus

151 2410 255 2495 adque
275 2434 313 2475 ea
334 2434 390 2476 vos
410 2411 526 2495 studia,
547 2433 628 2496 quac
647 2412 746 2476 aetati
765 2414 892 2476 vestrae
910 2411 1072 2495 imprimis
1093 2415 1282 2493 conveniunt,

150 2539 189 2581 ex
222 2519 330 2584 officio
363 2518 585 2601 cohortamur,
619 2540 681 2602 quo
714 2519 806 2584 vobis
835 2518 1053 2584 humanitatis
1085 2520 1282 2606 praeceptrix,

149 2646 214 2689 non
233 2626 415 2708 corruptrix
435 2625 515 2691 haec
535 2626 603 2690 vita
621 2625 806 2690 academica
823 2624 940 2690 evadat
957 2647 1039 2690 neve
1062 2628 1100 2692 in
1120 2628 1281 2693 alienarum

149 2733 392 2795 contentionum
416 2732 642 2815 intemperiem
667 2736 764 2816 atque
788 2733 998 2796 acerbitatem
1024 2733 1223 2817 optimarum
1245 2755 1282 2797 ar·

149 2837 230 2899 tium
254 2839 388 2903 dulcedo
413 2843 445 2901 et
467 2839 687 2922 tranquillitas
711 2842 825 2902 vertat.
871 2838 995 2902 Valete.

641 3036 800 3045 ——-——-

265 3158 307 3243 w)
330 3159 384 3224 lm
409 3131 651 3225 Prooemium
675 3161 740 3224 des
765 3159 1008 3225 Wintersem.
1035 3162 1187 3245 1862&

454 3303 594 3388 (priscae
618 3305 672 3368 lat.
697 3306 797 3390 epigr.
822 3304 925 3387 suppl.
950 3299 990 3384 l).

240 3445 340 3509 Novis
365 3448 518 3530 exemplis
543 3448 733 3532 quibusdam
757 3447 984 3532 perspexistis,
1014 3446 1103 3510 cives
1129 3447 1283 3512 carissimi.

152 3551 321 3613 veritatem
347 3551 470 3616 Solonii
500 3555 602 3638 illius,
636 3577 699 3638 quo
728 3558 759 3617 et
789 3559 889 3617 semet
918 3552 1137 3636 profitebatur
1160 3562 1191 3618 et
1215 3554 1282 3618 alios

150 3657 355 3739 significabat
378 3659 545 3737 γηράεκειν
570 3661 630 3724 αἰεὶ
654 3662 761 3724 πολλὰ
785 3662 1039 3737 διδαεκομένουε.
1069 3661 1164 3736 Quod
1187 3667 1281 3724 tameo

149 3763 297 3829 oblivisci
320 3765 420 3829 nolite
444 3767 490 3830 ita
513 3770 640 3831 tanturn
664 3791 775 3831 verum
800 3789 880 3849 esse,
904 3767 931 3829 si
950 3765 1146 3845 ἡβάεκοντε(
1167 3769 1214 3831 vel
1232 3765 1283 3829 sal-

146 3872 212 3932 tem
241 3872 382 3950 ἡβώντε(
411 3873 610 3956 coeperimus
644 3897 709 3938 non
739 3875 845 3938 solum
873 3874 1009 3956 discere,
1043 3875 1099 3938 sed
1130 3876 1283 3940 doctrinae

147 3977 249 4039 solido
273 3979 482 4044 fundamenta
513 3981 625 4044 iacere.
671 3981 709 4046 ln
738 4004 801 4065 qua
830 3980 1038 4045 contentione
1063 3980 1284 4047 honestissima

150 4083 176 4144 si
211 4085 288 4166 quid
321 4108 377 4149 vos
411 4087 563 4150 adiuvare
596 4109 634 4150 ea
661 4088 865 4152 institutione
893 4088 1089 4171 poterimus,
1122 4091 1213 4154 cuius
1244 4092 1285 4152 sat

152 4191 244 4253 varia
274 4191 489 4256 instrumenta
516 4192 601 4257 infra
628 4195 797 4277 proposita
825 4193 955 4275 videtis,
987 4195 1021 4255 et
1043 4199 1156 4261 vestra
1185 4216 1286 4261 caussa

147 4300 178 4358 et
201 4303 313 4361 nostra
337 4300 556 4381 gaudebimus.
604 4299 729 4365 Volete.
