2836 5034
250 315 315 380 368
539 330 800 381 eaonnoounar
823 333 870 379 nn
893 330 1106 381 nemorosos

249 474 502 560 diligentissima
533 475 662 540 demum
695 475 915 560 exemplorum
947 472 1218 560 pervestigatione
1245 471 1312 535 subtil

249 581 395 666 simaque
423 603 610 647 caussarum
639 582 897 647 consideratione
926 604 964 648 eo
992 580 1200 667 perveniatur
1224 582 1267 662 ut,
1289 601 1312 662 qr

248 688 292 752 sit
315 688 494 773 probabile,
515 688 740 755 ratiocinando
760 690 945 754 efficiamus.
982 688 1091 774 Atque
1108 688 1143 752 in
1159 686 1219 753 hoc
1233 687 1312 771 ipsoc

248 793 403 859 laudabili
431 795 564 861 consilio
588 795 830 880 Fleckeisenus,
853 795 1115 880 Kampmannns,
1142 793 1240 860 Iulius
1259 792 1312 857 Bri]

248 899 353 985 (cuius
372 905 481 967 tamen
495 901 587 966 falsis
603 902 799 987 aliquotiens
814 902 853 966 de
868 888 1086 966 Ambrosiano
1106 900 1312 966 testimoniisr

250 1029 387 1092 sponsor
409 1009 536 1096 haberi)
561 1008 772 1091 elaborarint,
796 1013 866 1073 tum
890 1007 929 1073 de
952 1006 1169 1073 Lindemanni
1192 1006 1299 1092 opella,

249 1115 305 1180 ille
329 1121 405 1201 post
427 1117 630 1202 pinguiorem
655 1113 730 1182 Chr.
754 1115 869 1200 Wasii,
893 1117 1060 1201 aliquanto
1085 1119 1194 1181 autem
1216 1113 1312 1180 consid

250 1224 367 1289 tiorem
387 1221 421 1289 Ο.
440 1224 475 1289 L.
491 1223 678 1289 Schneideri
697 1224 843 1290 laborem
863 1224 902 1290 de
921 1223 1116 1307 explicanda
1133 1221 1312 1308 prosodial

248 1330 321 1395 tina
344 1331 425 1396 bene
449 1353 570 1396 merere
595 1331 728 1414 studuit,
751 1331 1000 1416 haudquaquam
1023 1352 1158 1415 possum
1181 1332 1248 1394 tam
1267 1328 1312 1393 hor

248 1437 308 1502 fice
337 1438 457 1504 sentire
485 1461 580 1522 quam
611 1438 682 1503 fieri
710 1461 730 1503 a
757 1438 950 1523 quibusdam
983 1438 1082 1503 solet:
1115 1434 1184 1503 tam
1216 1437 1295 1500 miro

249 1547 507 1629 temperamento
537 1547 570 1610 in
595 1546 731 1632 singulis
755 1547 885 1632 paginis
909 1549 943 1611 et
965 1545 1049 1611 falsa
1072 1545 1159 1611 veris
1183 1544 1312 1608 mixtas

251 1653 403 1738 nulloque
426 1653 538 1720 ordine
567 1652 786 1719 diversissima
814 1674 933 1739 genera
955 1657 1077 1717 temere
1100 1650 1252 1734 confusa,
1279 1655 1309 1714 et

251 1761 335 1824 xime
363 1760 566 1826 incredibilia
594 1761 752 1826 credendo
780 1761 912 1827 modum
940 1782 1069 1826 omnem
1101 1758 1214 1825 excedi
1238 1758 1312 1823 intel

251 1867 339 1931 velut
358 1891 430 1933 cum
448 1873 551 1933 autem
569 1868 763 1934 vocabulum
781 1891 840 1953 pro
860 1867 1047 1953 pyrrhichio
1068 1889 1139 1933 esse
1158 1866 1224 1931 sibi
1244 1888 1312 1950 pers

250 1995 383 2057 prorsus
407 1997 518 2041 eorum
541 1977 699 2061 exemplo,
723 1997 803 2060 quos
826 1996 930 2059 nuper
952 1997 1019 2040 non
1042 1974 1183 2038 multum
1204 1973 1312 2038 abesse

253 2080 330 2164 quin
353 2103 427 2148 mox
451 2087 495 2146 est
517 2085 550 2147 et
572 2081 829 2147 soltreitudinibus
851 2080 1083 2146 vocabulorum
1103 2101 1295 2145 mensuram

253 2191 391 2272 quantes
418 2187 562 2253 habituri
590 2190 698 2254 simus.
744 2189 820 2274 Ipse
848 2193 956 2254 autem
984 2189 1112 2253 tantum
1137 2186 1235 2252 abest
1256 2192 1295 2251 ut

254 2295 413 2360 iudicatae
450 2294 489 2359 de
522 2297 665 2379 perfecta
697 2296 837 2381 quadam
869 2293 1033 2381 elegantia
1064 2294 1224 2360 Plautina
1261 2297 1312 2380 opi

140 2425 242 2464 oxum
257 2402 366 2468 videar
388 2403 524 2467 nimium
546 2396 715 2486 tribuisse,
742 2403 821 2468 illud
845 2407 882 2467 ut
904 2404 1013 2487 potius
1037 2424 1150 2467 verear
1174 2424 1217 2466 ne
1242 2425 1312 2486 aspc

254 2510 412 2593 quaedam
435 2511 536 2575 nimia
559 2510 719 2594 patientia
746 2510 914 2595 reliquisse
939 2509 1040 2594 dicar,
1068 2532 1151 2594 quae
1174 2509 1292 2575 futura

253 2639 319 2682 non
343 2619 446 2704 magis
470 2642 566 2704 quam
591 2642 610 2682 a
633 2640 682 2682 me
706 2641 789 2683 nuno
813 2619 948 2702 expulsa
970 2619 1151 2684 toleratura
1177 2621 1230 2683 sit.
1277 2619 1311 2682 In

254 2726 314 2789 bus
339 2731 417 2790 sunt
440 2726 478 2790 de
503 2727 620 2810 quihus
643 2726 708 2789 iam
731 2747 815 2790 nune
839 2725 990 2808 incipiam
1010 2725 1089 2788 mihi
1108 2725 1180 2808 ipse
1202 2747 1312 2790 suscen

254 2832 343 2897 velut
376 2833 461 2916 quod
492 2855 558 2897 non
590 2833 731 2896 severius
765 2832 912 2897 consului
946 2832 984 2895 de
1015 2833 1161 2896 senectuti
1195 2855 1224 2898 v.
1248 2834 1308 2897 398

253 2937 433 3023 abacorum,
457 2963 529 3005 cum
549 2942 586 3024 ei,
609 2938 693 3024 quod
714 2939 854 3023 aliquam
874 2939 1115 3005 excusationem
1134 2940 1289 3023 admittit,
1309 2963 1312 3023 ]

255 3049 320 3110 stet
344 3048 428 3130 quod
452 3070 492 3112 ne
517 3039 617 3132 egeat
633 3048 760 3130 quidem
786 3049 1005 3131 excusatione,
1032 3048 1195 3132 peritique
1223 3052 1312 3132 poeta

255 3153 293 3218 de
317 3153 441 3218 duabus
465 3155 578 3218 formis
602 3155 748 3220 bonitate
772 3155 904 3238 paribus
925 3177 995 3219 eam
1015 3154 1157 3239 deligere
1183 3178 1265 3240 quae
1288 3178 1312 3217 er

254 3266 370 3327 natura
399 3266 502 3328 metro
531 3264 573 3327 sit
601 3263 882 3328 accommodatior.
928 3262 1131 3347 Quamquam
1161 3264 1195 3327 in
1223 3263 1312 3342 hac]

131 3431 133 3434 .
255 3391 292 3433 eo
322 3392 373 3434 me
401 3372 567 3454 aequiores
596 3371 717 3435 iudices
745 3376 951 3455 experturum
980 3371 1119 3453 confido,
1153 3392 1218 3455 quo
1254 3371 1312 3433 incr

255 3477 401 3561 ipsorum
433 3478 546 3541 finium
578 3477 708 3542 illorum
737 3478 904 3561 discriptio
935 3481 999 3560 eet,
1030 3497 1112 3562 quos
1140 3479 1230 3542 ultra
1259 3478 1312 3541 citr

254 3590 396 3668 nequeat
419 3585 596 3650 consistere
621 3588 752 3649 rectum.

343 3692 389 3756 Et
412 3693 542 3756 initium
567 3692 695 3775 quidem
719 3691 824 3756 habeo
849 3714 905 3755 cur
929 3714 948 3756 a
971 3691 1154 3776 neglecta
1178 3693 1215 3755 vi
1240 3714 1308 3776 pos

255 3799 315 3861 nis
350 3799 484 3882 capiam.
531 3798 602 3875 Qua
632 3799 666 3862 in
697 3820 730 3861 re
760 3799 920 3863 Plautinis
952 3798 1073 3863 criticis
1106 3799 1270 3864 maximae
1300 3799 1312 3863 f

187 3899 195 3916 '
256 3905 323 3967 eive
352 3904 496 3969 Terentii
525 3906 590 3970 sive
618 3903 800 3971 Bentleiani
829 3907 971 3970 Terentii
1000 3906 1183 3991 exemplum
1212 3906 1287 3971 fuit.

256 4032 409 4093 quaeram
433 4034 518 4077 nunc
541 4018 650 4078 utrum
674 4014 855 4098 asperiores
880 4014 941 4077 sibi
966 4036 1061 4098 quam
1087 4013 1228 4079 Plautus
1255 4038 1312 4080 nur

256 4117 426 4182 Terentius
450 4120 630 4204 indulserit,
654 4145 695 4185 an
718 4122 813 4186 huius
835 4122 1028 4205 comoediae,
1052 4127 1089 4187 ut
1108 4123 1292 4188 studiosius
1311 4157 1312 4171 π

256 4248 353 4309 quam
386 4224 556 4292 Plautinae
593 4231 625 4292 et
661 4229 827 4294 lectitatae
861 4232 894 4291 et
927 4252 946 4292 a
980 4230 1203 4313 grammaticis
1242 4235 1311 4295 truc

344 4457 369 4522 ²¹³)
389 4455 443 4526 [Cf.
462 4459 555 4511 annot.
574 4457 603 4510 in
622 4458 665 4514 ed.
685 4459 746 4526 alt]
