2836 5034
686 1173 779 1256 Xll.

465 1345 754 1448 Philologiscbe
782 1344 998 1429 Miscellen.

676 1548 796 1555 .-.---

717 1672 744 1736 1.

134 1813 332 1880 Vorrede
370 1834 413 1877 zu
451 1812 516 1877 der
553 1812 732 1898 Ausgabe
770 1811 1055 1896 ‘Xenophontis
1092 1811 1304 1898 Expeditio

134 1920 256 2006 Cyri.
293 1920 416 1986 editio
445 1925 583 2006 quarta
617 1920 867 1986 emendatior.
902 1918 1016 2000 Halia,
1039 1916 1232 1986 Saxonum
1256 1921 1303 1987 iu

326 2028 493 2094 libraria
516 2027 859 2114 orphanotropbei.
882 2027 1133 2094 nncccxxxrv?

474 2202 742 2259 LIBRARIVS
774 2201 985 2258 LECTORI

716 2367 743 2416 8.

245 2491 435 2577 Langianae
472 2489 623 2557 editionis
661 2492 808 2576 exempla
844 2491 1007 2557 Auabasis
1044 2490 1302 2576 Xenophontem
1315 2520 1336 2561 v

144 2624 226 2666 cum
263 2599 422 2664 distracta
452 2605 574 2682 essent,
610 2599 698 2663 illius
737 2605 846 2663 autem
881 2599 1171 2665 annotatiunculae
1206 2598 1300 2663 bodie

146 2731 217 2773 non
244 2708 408 2771 videretur
431 2706 589 2771 committi
613 2728 709 2789 posse
734 2710 769 2770 ut
798 2706 886 2790 typis
915 2712 1150 2791 repeterentur:
1178 2705 1300 2771 factum

149 2822 218 2895 est,
247 2820 282 2879 ut
310 2837 396 2879 nova
423 2815 528 2878 forma
555 2814 639 2878 liber
669 2813 811 2897 prodeat.
858 2815 947 2890 Quae
976 2835 1172 2898 quamquam
1197 2814 1301 2897 prima

152 2922 262 3004 specie
290 2943 347 2985 nec
380 2922 421 2984 ab
445 2921 579 2985 editoris
603 2921 760 2985 industria
785 2943 844 2985 nec
867 2923 908 2985 ab
933 2922 1146 2987 scholasticae
1169 2920 1300 2985 institu-

155 3027 256 3089 tionis
283 3029 411 3092 ratioue
439 3029 576 3092 multum
606 3028 826 3092 commendari
854 3028 1016 3110 videatur,
1045 3035 1153 3092 tamen
1187 3050 1300 3111 reapse

161 3141 370 3217 cognoscetur
393 3156 430 3198 eo
455 3140 487 3199 et
511 3135 618 3199 studio
643 3141 675 3198 et
698 3134 834 3200 consilio
853 3135 1004 3199 instituta
1027 3157 1107 3217 esse,
1131 3156 1194 3218 quo
1213 3134 1299 3198 baud

168 3239 269 3318 paullo
287 3241 448 3324 prioribus
468 3240 665 3305 fructuosior
684 3250 800 3326 quarta
818 3242 897 3306 haec
916 3241 1014 3306 editio
1035 3242 1183 3306 evaserit.
1214 3241 1299 3305 Nam

135 3410 140 3419 ,
174 3361 236 3407 eum
260 3352 453 3411 resectarum
486 3348 734 3413 annotationum
763 3350 887 3413 iactura
920 3348 1035 3412 idoneo
1064 3348 1174 3432 aliquo
1203 3348 1298 3414 modo

135 3424 142 3533 l
180 3453 392 3533 compensanda
415 3458 511 3538 esset,
533 3455 581 3519 ita
602 3459 712 3519 tamen
737 3462 773 3520 ut
796 3461 928 3540 propter
947 3455 1140 3520 domesticas
1160 3453 1298 3538 discipu·

183 3546 266 3620 lorum
292 3561 434 3626 rationes
468 3582 569 3644 parvo
600 3561 684 3625 liber
716 3568 802 3627 esset
829 3561 1000 3646 parabilis:
1036 3562 1141 3625 visum
1168 3568 1218 3626 est
1251 3584 1298 3626 se·

184 3652 277 3728 tottam
298 3668 474 3752 scripturae
498 3667 748 3751 discrepantiam
775 3667 908 3733 Graecis
932 3667 1078 3732 subicere
1098 3667 1131 3732 in
1152 3669 1298 3754 margine

189 3766 307 3842 l0⁸¹b1n
358 3773 451 3850 Quod
488 3796 552 3837 non
586 3773 678 3838 dubit
664 3780 770 3838 tamus
804 3776 881 3860 quin
915 3775 1048 3839 terroris
1086 3774 1233 3858 aliquant
1234 3798 1298 3858 um,

190 3884 246 3934 mm
260 3878 385 3957 primum
406 3881 644 3964 audierint,t
595 3902 628 3944 rn
631 3881 798 3966 ttellcgen
790 3883 910 3946 issimis
931 3883 1111 3967 quibusque
1135 3883 1181 3946 rei
1206 3883 1298 3947 scho

136 3994 154 4029 ⁵
192 3966 294 4045 lulittae
321 3987 478 4052 iudicibus
510 3988 703 4052 iniecturum
737 3989 795 4072 sit,
832 3989 949 4073 quippe
987 4011 1294 4072 pecuniosissimum
1309 4015 1343 4054 vr

136 4030 158 4187 Ξ
193 4074 339 4157 ”holerum
360 4099 486 4177 pestem
509 4095 670 4179 quandam
700 4096 831 4160 criticae
861 4098 941 4161 artis
971 4098 1200 4161 tractationem
1233 4118 1297 4160 uno

136 4168 231 4242 ‘'⁰oe
247 4198 520 4266 conclamantibus.
565 4202 633 4267 Nee
657 4204 742 4267 istud
768 4203 815 4266 illi
845 4225 922 4267 sane
946 4205 1118 4268 immerito.
1164 4202 1297 4266 Verum·

187 4299 322 4369 emmvero
346 4330 409 4373 non
438 4331 495 4372 eae
519 4310 687 4395 appositae
712 4315 786 4373 sunt
817 4310 1003 4393 scripturae,
1036 4332 1117 4394 quae
1147 4309 1296 4374 criticum

182 4402 251 4460 ”⁸⁰³¹
273 4402 428 4501 habeant,
454 4416 520 4500 vel,
548 4417 575 4482 si
600 4418 741 4501 quando,
764 4423 849 4482 certe
872 4439 937 4482 non
961 4418 1046 4501 quod
1070 4438 1142 4480 eum
1167 4415 1297 4500 babent,
