2836 5034
125 319 191 383 454
415 329 678 378 rnonnoouaus
702 329 749 375 nn
772 318 983 376 simoninus

127 483 184 543 aut
206 499 279 542 cum
304 475 491 540 Hermanno
516 473 562 539 sic
585 476 636 536 est
658 470 892 538 emendandus:

216 618 253 682 Id
278 622 388 682 utrum
412 615 511 681 uelim
535 617 599 683 ianr
623 615 667 680 mi
690 614 778 679 haud
800 613 822 678 l.
846 614 875 696 i.‚

129 767 185 828 aut
207 763 348 826 fortasse
372 760 419 824 sic
442 759 565 843 potius:

218 903 256 967 Id
279 904 345 966 iam
369 903 424 985 mi,
447 905 555 964 utrum
579 900 687 984 uelim,
709 900 796 966 haud
819 901 838 964 l.
862 901 883 965 i.

131 1047 193 1113 Sed
217 1044 468 1130 spondiacam
492 1066 550 1128 pro
574 1043 714 1108 iambica
737 1065 814 1108 voce
837 1043 955 1108 tertius
978 1065 1036 1127 pes
1054 1065 1121 1108 non
1139 1042 1253 1125 admisit,

131 1155 194 1220 nisi
222 1151 428 1238 paucissimis
457 1150 491 1215 in
524 1150 617 1233 locis,
647 1150 681 1214 in
710 1151 827 1235 quibus
857 1150 917 1214 illa
944 1172 964 1215 a
993 1148 1156 1234 prioratus
1184 1151 1257 1236 grad

132 1258 392 1344 interpunctione
416 1256 590 1341 divellitur,
612 1258 649 1322 ut
672 1256 760 1321 Trin.
782 1257 861 1321 427:

222 1399 347 1484 Nempe
371 1401 451 1485 quds
476 1400 647 1484 spopondi.
671 1398 731 1465 ST.
754 1400 851 1464 imaro
873 1422 954 1484 quas
977 1399 1124 1484 dependi,
1148 1399 1270 1486 inquito.

133 1542 202 1609 Nec
229 1547 340 1607 tamen
367 1543 437 1606 fieri
465 1564 561 1627 posse
584 1542 711 1607 videtur
734 1544 771 1607 ut
795 1541 931 1606 eandem
954 1563 1053 1626 quam
1076 1542 1275 1627 praecedens,

135 1651 225 1714 nullo
256 1649 428 1715 intervallo
461 1671 660 1735 consequens
699 1649 917 1734 interpunctio
950 1649 1016 1715 vim
1051 1649 1192 1733 habeat,
1223 1673 1280 1735 qus

135 1760 265 1821 tantum
296 1755 389 1820 abest
417 1759 455 1820 ut
485 1757 624 1822 leniatur
654 1757 788 1823 offensio
816 1757 957 1842 neglecti
985 1760 1155 1841 accentus,
1188 1780 1227 1822 ea
1252 1762 1283 1822 ut

26 1884 121 1928 cox1x
138 1862 297 1927 sentiatur
320 1864 433 1948 magis.
470 1862 546 1929 Non
568 1867 654 1928 recte
678 1863 791 1948 igitur,
815 1863 843 1928 si
868 1864 945 1948 quid
969 1864 1072 1948 video,
1094 1864 1132 1928 in
1157 1863 1283 1930 Bacchi·

135 1968 230 2033 dibus
255 1990 288 2034 se
311 1968 412 2034 habet
434 1993 463 2035 v.
490 1972 574 2036 1026
599 1970 729 2054 [1065]:
759 1973 764 1981 '

225 2108 287 2175 Vel
311 2111 352 2176 da
375 2113 514 2197 aliquem
539 2113 594 2199 qui
617 2114 716 2178 snudt
738 2135 797 2178 me.
822 2112 880 2180 NI.
904 2112 965 2180 ohe
989 2114 1101 2180 odiose
1128 2112 1224 2199 facis,

139 2253 190 2318 cui
213 2276 253 2318 ne
277 2254 318 2319 ab
339 2256 448 2340 aliqua
467 2261 618 2322 accentus
639 2257 750 2322 enclisi
769 2257 899 2342 quidem
918 2256 1120 2341 praesidium
1142 2262 1291 2342 paratum

139 2384 209 2427 esse
232 2362 456 2427 concesserim.
503 2362 709 2448 Quapropter
737 2368 864 2429 servato
893 2364 1065 2428 verborum
1095 2363 1216 2430 ordine
1242 2364 1292 2450 qui

138 2470 172 2534 in
196 2470 229 2534 B
252 2473 310 2547 est,
335 2469 436 2534 eiecto
461 2473 578 2552 autem,
602 2470 728 2554 quode
751 2469 917 2555 proximae
941 2469 1029 2535 vocis
1049 2470 1151 2536 initio
1171 2477 1292 2552 nanim,

139 2578 191 2642 olle
214 2579 260 2642 sic
283 2577 400 2642 scribe:

229 2719 290 2783 Vel
313 2719 354 2782 da
378 2720 518 2803 dliquem
542 2720 597 2803 qui
621 2742 672 2784 me
696 2722 812 2784 aduret.
836 2719 892 2785 NI.
917 2720 1029 2785 odiose‘
1053 2722 1149 2786 facis.

143 2862 442 2946 Anapaesticam
467 2867 575 2927 autem
600 2865 633 2928 in
657 2863 755 2928 tertio
780 2863 858 2947 pede
879 2886 989 2928 vocem
1008 2887 1048 2928 ne
1068 2864 1285 2949 interpunctio

141 2969 269 3052 quidem
294 2969 374 3032 satis
398 2991 567 3033 excusasse
592 2969 719 3033 videtur
742 2967 833 3055 (nam
853 2969 939 3034 Trin.
962 2973 1112 3036 11411011
1137 2978 1217 3036 sunl
1234 2993 1286 3056 pro

141 3098 216 3139 vero
240 3079 416 3159 anapaesto
441 3081 469 3139 et
490 3073 607 3160 illitae:
636 3076 754 3140 nedum
780 3081 814 3140 ut
845 3076 903 3140 illa
932 3078 1079 3161 excipere
1110 3080 1190 3143 item
1219 3100 1288 3147 ans·

143 3183 319 3266 paesticam
343 3183 457 3266 possit,
481 3187 516 3245 ut
539 3182 628 3245 Trin.
653 3184 731 3246 594:

231 3324 269 3387 In
292 3325 463 3407 ‹iridipno'st
484 3325 579 3389 elilim
602 3325 734 3408 nunc*),
758 3326 834 3408 quid
858 3348 896 3390 ea
919 3328 953 3389 rc
978 3326 1057 3409 fuat,

143 3467 198 3530 ubi
226 3467 312 3531 haud
341 3471 529 3530 cunctanter
558 3467 832 3550 transponendum
861 3472 931 3531 erat
957 3467 1001 3530 In
1027 3469 1171 3551 dmbipuo
1195 3470 1267 3531 e‘liun

142 3594 225 3636 cereno
247 3578 297 3635 cst.

232 3678 439 3763 Consequens
463 3681 525 3743 fuit
553 3684 590 3743 ut
619 3681 717 3743 etiam
746 3680 780 3743 in
813 3680 941 3764 priore
975 3687 1085 3763 parte
1120 3682 1257 3745 senario·

144 3808 239 3867 rum,
267 3808 349 3869 quae
373 3790 422 3850 est
446 3791 533 3850 ante
558 3809 767 3870 caesuram,
796 3787 874 3851 nihil
900 3787 1090 3853 offensionis
1115 3788 1254 3854 iambicum

145 3894 334 3957 vocabulum
368 3894 417 3955 vel
451 3894 485 3955 in
518 3894 640 3976 primo
675 3895 723 3956 vol
758 3895 792 3957 in
826 3895 992 3960 secundo
1026 3895 1118 3979 pede
1146 3894 1253 3959 haberet

145 3999 267 4075 Quodsi
296 3999 390 4083 longo
420 4000 579 4083 longeque
608 4001 710 4064 rarius
740 4001 773 4064 in
803 4000 940 4066 secundo
970 4005 1035 4085 est,
1062 4002 1131 4067 eius
1151 4000 1191 4064 rei
1208 4012 1251 4059 non

145 4109 195 4168 est
218 4105 283 4167 alia
306 4128 420 4168 caussa
443 4106 504 4169 nisi
529 4106 614 4189 quod
640 4106 789 4171 binorum
809 4107 1024 4173 iambicorum
1043 4104 1247 4173 continuitatem

252 4351 278 4417 *)
299 4351 341 4421 [ln
361 4352 402 4407 ed.
423 4352 471 4404 alt.
492 4352 544 4405 hoc
563 4352 678 4421 reliquit
697 4353 867 4408 Ritschelius
886 4354 993 4409 addens
1012 4373 1062 4426 pro
1082 4373 1132 4410 uno
1149 4338 1245 4405 mlum

146 4455 206 4493 esse
226 4441 306 4493 etiam
326 4457 410 4507 1111111,
430 4445 462 4494 ut
475 4440 632 4509 etiamnum,
651 4443 725 4511 quod
739 4442 831 4512 ipsum
846 4442 966 4498 fortasse
981 4443 1169 4501 restituendum
1180 4428 1244 4491 wll?
