2836 5034
455 356 536 403 VEIT
560 355 710 402 WERLER
733 354 797 403 Ans
822 353 963 402 DOCENT

252 604 310 669 ΙΙΙ.
347 605 503 670 Gedichte
526 604 681 671 Werlers
705 628 776 670 zum
800 604 868 669 Lob
894 604 999 668 seiner
1023 602 1122 667 Freur

163 789 201 838 11.
235 780 384 836 Gedicht
406 781 467 836 aui
488 780 551 836 den
569 781 783 837 commentar
801 780 914 835 seines
934 779 1080 834 Lehrers
1100 779 1122 831 ll

336 887 401 926 uon
419 870 493 925 dem
511 869 644 924 Busche
663 887 701 922 zu
720 869 855 922 Donat's
873 866 1095 922 Grammatilr.

142 995 210 1062 (111
235 994 403 1048 ‘Hermauni
426 994 541 1048 Buscbii
563 991 699 1063 Pasiphili
723 992 752 1046 in
775 994 865 1047 artem
884 991 988 1046 Donati
1011 991 1046 1045 de
1070 995 1122 1045 oct<

141 1083 274 1138 orationis
289 1083 510 1138 Commentarius
528 1099 562 1137 ex
580 1082 728 1139 Pristiano.
747 1080 894 1137 Diomede.
914 1081 1020 1135 Servio.
1041 1079 1122 1148 Capri

141 1172 243 1227 Phoca.
268 1172 429 1227 clarissimis
453 1170 643 1242 grammaticis
662 1188 729 1225 cura
748 1173 777 1225 et
794 1170 891 1225 labore
910 1186 966 1224 non
985 1168 1120 1222 mediocri

141 1277 202 1314 cam
225 1259 379 1314 iuventutis
402 1260 556 1316 utilitatem
578 1260 840 1329 institutionemque
862 1258 1013 1313 collectus’
1035 1257 1121 1326 Leipz

325 1350 425 1406 Lotter
444 1356 522 1419 1511,
542 1349 591 1404 auf
603 1350 657 1404 der
676 1347 826 1404 ltficlrseite
846 1347 894 1401 des
914 1346 1107 1415 Titelblattes)

142 1491 202 1546 Viti
220 1492 350 1547 Vnerleri
369 1492 578 1547 Sultrveltensis
601 1491 772 1562 dactylicum
796 1490 1013 1560 Asclepiadeum
1035 1489 1064 1542 in
1088 1489 1122 1543 Hs

140 1580 277 1650 Pasiphili
296 1583 485 1652 praeceptoris
504 1583 547 1637 sui
565 1582 747 1651 undecunque
766 1579 922 1636 doctissimi
941 1579 1122 1634 commentari

141 1670 170 1723 in
184 1670 287 1724 Donati
300 1675 389 1726 artem
404 1671 438 1725 de
453 1671 516 1725 octo
531 1671 657 1740 partibus
672 1669 807 1724 orationis
822 1668 964 1723 studiosae
976 1667 1042 1737 pubi
1053 1685 1122 1736 nupe

419 1759 544 1815 Libellus
563 1762 705 1815 auctorem
724 1777 804 1813 suum
824 1757 1008 1814 commendat.

356 1902 408 1967 Qui
428 1920 472 1958 me
492 1902 651 1973 composuit
669 1901 807 1957 Buscbius
826 1900 933 1955 affatim
993 1968 997 1977 Δ

298 1976 308 1995 ’
355 1990 432 2046 Miris
452 1994 654 2047 commemorat
672 1991 777 2060 scripta
794 1990 933 2044 nitoribus

353 2077 481 2134 Pulchris
499 2085 529 2135 et
547 2081 662 2136 decorat
680 2097 762 2135 sensa
779 2079 923 2134 laboribus

354 2168 429 2223 Artis
447 2169 648 2240 grammaticae
665 2169 758 2239 prima
775 2168 955 2237 documina*)

353 2256 391 2311 Et
407 2257 521 2327 linguae
540 2257 645 2312 latialis
664 2257 821 2327 penetralia

353 2346 512 2403 Emunctim
531 2365 657 2403 reserans
676 2346 801 2401 sensibus
820 2347 934 2414 intimis,

354 2434 408 2490 Per
426 2453 497 2505 quas
516 2436 609 2505 (crede
628 2435 709 2505 mibi)
729 2438 835 2490 crescet
853 2435 1005 2489 honoribus

356 2523 510 2579 Confestim
528 2523 681 2578 innumeris
700 2523 866 2576 Romuleum
886 2522 978 2575 decus.

356 2613 457 2682 Surget
475 2612 541 2681 quin
561 2613 647 2667 etiam
666 2614 729 2666 tots
747 2612 885 2666 Latinitas

353 2701 462 2757 Priscus
481 2701 632 2756 restituens
651 2717 707 2755 non
725 2701 799 2755 male
818 2701 935 2756 litteras.

354 2789 406 2845 Eia
425 2807 501 2861 ergo,
521 2808 537 2845 o
555 2790 677 2858 iuvenis,
695 2793 809 2859 pectore
828 2791 936 2846 fervido

355 2882 396 2932 Ac
415 2880 494 2934 firma
513 2881 609 2934 teneas
628 2883 722 2934 mente
740 2880 924 2946 reconditum,

356 2967 494 3036 Quicquid
513 2986 563 3038 per
581 2969 706 3024 modicus
724 2969 759 3024 do
778 2969 830 3023 tibi
849 2970 974 3038 paginas,

356 3055 411 3110 Sed
430 3057 526 3112 doctas
545 3057 625 3128 vigili
644 3061 674 3111 et
690 3058 781 3112 Marte
801 3058 966 3127 recognitas.

355 3145 418 3199 Non
435 3147 490 3213 est,
510 3163 559 3199 cur
577 3147 694 3201 stolidos
712 3146 801 3201 lustra
819 3164 869 3216 per
888 3147 982 3200 omniu

356 3233 494 3303 Deinceps
513 3236 712 3304 grammaticos
731 3235 902 3304 ingeniosius

357 3322 459 3376 Volvas
478 3322 560 3377 foede
579 3339 692 3392 operam
711 3327 741 3377 et
759 3327 887 3394 tempora
905 3326 1058 3392 collocans3

355 3409 446 3464 Maius
465 3411 596 3465 continuo
615 3429 681 3465 nam
699 3411 752 3465 tibi
771 3413 947 3468 commodum

357 3497 461 3552 Horum
481 3498 593 3554 contero
613 3518 698 3569 quam
716 3501 793 3555 mille
814 3501 964 3555 volumina.

356 3586 428 3640 Hinc
447 3603 497 3655 pro
516 3605 630 3643 munere
649 3589 784 3658 donisque
804 3591 965 3645 decentibus

356 3675 471 3730 Auctori
491 3678 605 3732 meritas
624 3678 739 3732 reddere
758 3680 863 3748 gratias

357 3763 416 3818 Nec
436 3763 523 3836 [Ne?]
543 3782 634 3820 cesses
653 3766 746 3822 auimo
766 3767 910 3823 effectibus
929 3786 1047 3836 orequc;

356 3852 473 3907 Presens
492 3854 616 3909 excoluit
633 3856 683 3924 qui
701 3856 823 3910 studium
844 3860 922 3911 tuum

355 3941 442 3995 Musis
461 3947 490 3996 et
508 3944 587 3997 varia
605 3945 803 4013 sollicitudine,

355 4029 463 4085 Absens
482 4049 533 4087 nee
552 4033 635 4087 modo
654 4035 747 4102 deest,
767 4034 872 4105 ingenii
891 4054 1000 4105 quoque

357 4121 469 4175 Vivacis
487 4121 591 4176 nitidos
610 4123 768 4177 accumulet
786 4124 880 4179 libros.

232 4336 257 4401 *)
277 4334 317 4388 Cf.
338 4333 438 4404 Opusc.
461 4335 497 4387 111
517 4354 543 4405 p.
566 4344 624 4390 114.
