2886 5032
151 313 215 377 698
378 325 613 374 aaranuscaa
638 310 864 390 anscualoa,
887 323 1081 384 saansaan,

714 538 744 602 3.

196 682 377 759 Studien·
409 680 483 744 und
516 678 831 765 Sittenaeugniss
861 680 944 745 dem
977 680 1225 747 Preusaischen

196 787 470 872 Kronprinaen
502 786 706 851 Friedrich
739 786 924 851 Wilhelm
958 787 1060 852 beim
1093 788 1227 872 Abgang

284 915 357 958 von
381 893 446 958 der
470 893 723 959 Universitit
746 893 853 959 Bonu
877 895 1161 980 ausgeatellt*)

242 1053 429 1120 Celsissimo
454 1053 576 1138 Regiae
604 1052 719 1117 domus
747 1052 941 1118 Borussicae
964 1051 974 1139 ll
996 1054 1161 1140 Principif
1185 1051 1257 1118 Fride

155 1160 225 1224 rico
255 1160 417 1225 Guilelmo
445 1158 454 1245 l,
482 1159 696 1225 commilitoni
725 1183 783 1225 suo
811 1161 1062 1244 generosissimo
1085 1160 1094 1245 l
1120 1161 1150 1227 S.
1169 1160 1198 1225 P.
1214 1157 1256 1223 lt?

152 1267 276 1351 Regiae
299 1267 531 1332 Vniversitatis
556 1265 747 1331 Fridericiae
778 1265 971 1333 Guilelmiaa
1001 1265 1011 1354 ij
1041 1269 1158 1334 Rector
1183 1272 1210 1332 et
1225 1264 1259 1330 Se

151 1378 258 1439 natus.

241 1479 403 1556 Quoniam
425 1479 459 1543 in
483 1501 521 1544 eo
546 1501 589 1563 es,
613 1480 767 1564 Princeps
791 1479 987 1566 Celsissime,
1009 1485 1049 1546 ut
1065 1481 1223 1547 discessum
1236 1499 1259 1541 ex

149 1585 218 1668 hac,
242 1587 334 1651 cuius
356 1609 415 1672 per
433 1586 601 1651 biennium
624 1586 823 1652 consortium
847 1587 1062 1672 participasti,
1085 1587 1260 1652 universitate

150 1714 257 1777 pares,
285 1715 352 1758 non
380 1693 478 1758 officii
508 1696 638 1757 tantum
666 1694 847 1777 sanctitati,
878 1692 933 1758 sed
957 1693 1020 1778 ipsi
1045 1695 1145 1759 animi
1166 1687 1259 1759 affectu

149 1802 262 1863 nostro
294 1799 493 1881 deessemus,
529 1798 593 1863 nisi
624 1803 658 1863 et
686 1798 863 1864 honorifico
898 1821 1026 1864 morum
1057 1801 1261 1882 studiorumque

149 1906 341 1971 testimonio
371 1905 482 1970 debita
509 1906 625 1969 virtuti
655 1905 801 1990 praemia
830 1906 1051 1971 conferremus
1079 1907 1175 1972 veteri
1195 1910 1261 1988 atquc

152 2013 288 2096 antiquo
318 2013 470 2078 instituto
503 2013 699 2096 academico,
730 2016 763 2077 et
792 2013 879 2078 volis
909 2014 1124 2098 pientissimis
1155 2021 1212 2080 tan
1233 2012 1261 2073 ill·

154 2120 288 2184 lustrem
322 2121 425 2184 civem
458 2123 590 2205 tamque
624 2142 734 2185 carum
766 2121 860 2186 nobis
893 2126 991 2205 caput
1023 2134 1261 2207 prosequeremur·

150 2226 211 2303 Qui
237 2227 292 2291 ubi
315 2227 414 2313 Regis
438 2227 674 2312 Angustissimi
705 2229 839 2293 summis
863 2228 1018 2313 auspiciis
1043 2227 1260 2313 sapientissimo

149 2355 211 2417 quc
231 2332 490 2398 Celsissimorum
510 2334 688 2399 Parentum
712 2334 849 2399 consilio
873 2338 969 2419 atque
993 2336 1184 2401 auctoritate
1199 2350 1260 2420 prae

149 2443 200 2504 ter
229 2440 311 2504 alias
341 2441 373 2504 in
405 2441 568 2505 communi
600 2441 706 2525 patria
735 2439 902 2505 Musarum
935 2442 1028 2507 sedes
1063 2442 1146 2508 hanc
1176 2441 1261 2506 alnam

150 2546 342 2611 Rhenanam
370 2547 520 2631 petebas,
549 2547 596 2611 uti
621 2547 778 2611 bonarum
803 2547 922 2611 artium
946 2549 1014 2612 acri
1038 2536 1260 2615 tractationesl

151 2675 280 2717 omnem
308 2653 547 2719 humanitatem
583 2658 725 2717 mentem
753 2653 855 2717 Tuam
886 2652 1066 2719 liberaliter
1096 2657 1260 2727 informare,

149 2761 217 2823 lieri
241 2783 306 2824 non
325 2762 433 2843 potuit
457 2760 535 2844 quin
555 2764 587 2823 et
606 2760 763 2843 singulari
787 2759 880 2824 nobis
899 2759 1015 2825 honori
1035 2767 1104 2826 tam
1124 2765 1259 2849 ingenuam

151 2867 300 2930 fiduciam
324 2869 358 2930 in
382 2871 495 2930 nostra
519 2867 724 2949 potissimum
745 2866 915 2949 disciplina
935 2869 1076 2951 positam
1101 2872 1260 2936 duarenus,

148 2979 181 3036 et
210 2997 298 3056 spem
328 2974 594 3037 iucundissimam
625 2975 880 3056 conciperemuS,
909 2975 977 3037 fore
1006 2981 1043 3038 ut
1071 3000 1142 3040 cum
1166 2969 1260 3039 Turde

148 3081 243 3144 nobis
272 3085 341 3143 tum
371 3080 409 3144 de
437 3080 482 3143 Te
513 3084 627 3144 nostra
657 3082 854 3163 exspectatio
886 3081 1020 3164 optimis
1051 3083 1204 3148 fructibus
1228 3100 1260 3142 er·
1299 3106 1303 3205 p

148 3187 298 3268 pleretur.
346 3186 441 3250 Tales
470 3188 595 3250 fructus
624 3188 709 3270 quod
737 3209 822 3250 nunc
851 3188 885 3250 in
909 3187 969 3270 Te,
998 3188 1152 3274 Princeps
1175 3186 1261 3254 Celeia
1300 3212 1303 3219 ·

236 3433 261 3497 *l
288 3431 395 3500 [Dicaea
422 3432 555 3500 Zeugniss
579 3432 674 3485 wurde
698 3431 806 3485 damals
831 3434 881 3486 auf
903 3435 994 3488 einem
1023 3437 1178 3491 besondern
1200 3432 1263 3488 folie-
1301 3432 1303 3437 '

147 3522 251 3590 hogen,
278 3520 405 3575 daneben
430 3521 503 3572 auch
530 3520 558 3572 in
585 3520 733 3574 deutscber
762 3522 969 3592 Uebersetzung
995 3526 1203 3580 veroffentlicht.
1239 3517 1261 3570 ὓ

145 3628 212 3678 mag
230 3610 275 3664 bei
295 3609 386 3663 dieser
400 3608 585 3678 Gelegenheit
599 3609 649 3662 das
664 3609 827 3679 Epigramm
844 3612 1017 3681 mitgetheilt
1036 3616 1155 3682 werden,
1174 3610 1262 3665 welches

145 3698 254 3751 damals
273 3698 384 3751 Ritschl
400 3697 497 3751 Seiner
511 3698 623 3765 Konigl.
639 3699 744 3753 Hoheit
762 3700 804 3754 ina
825 3700 1008 3757 Stammbuch
1027 3706 1171 3758 schreiben
1183 3696 1261 3755 durste

183 3805 289 3858 ‘Wenn
312 3805 351 3856 im
375 3804 527 3858 modemen
552 3805 676 3858 Gewand
701 3805 760 3860 sich
785 3807 829 3861 die
848 3807 927 3861 Musa
947 3809 997 3861 Dir
1016 3807 1213 3864 schmeichelnd
1227 3816 1260 3856 ιω

908 3897 979 3950 Hera
998 3899 1066 3967 legt,

235 3981 331 4035 Bleibe
352 3981 401 4035 der
420 3981 589 4035 classischen
609 3985 680 4036 nnch
700 3985 837 4053 gastlicha
856 3987 948 4041 statu
967 3992 1118 4058 vergdnnt3

183 4070 269 4123 Nicht
287 4071 316 4123 in
335 4070 468 4122 Palllslen
486 4070 571 4125 allein
591 4072 647 4125 und
667 4074 769 4128 Hallen
788 4076 845 4128 und
865 4076 1089 4132 achimmernden
1109 4078 1225 4135 Bilhnen·

236 4160 300 4212 Wie
320 4159 359 4212 sie
379 4159 441 4212 dem
463 4159 638 4228 Konigcaeitz
657 4161 802 4231 koniglich
823 4164 957 4217 ‘Werda'
979 4167 1111 4220 verleiht:

182 4249 259 4301 auch
280 4248 307 4300 in
326 4248 375 4301 der
395 4248 477 4302 Stille
497 4248 545 4301 der
565 4249 656 4317 Brust,
676 4268 718 4303 wo
738 4252 777 4306 sie
797 4257 881 4319 ernst,
900 4254 1079 4310 harmoniach
1099 4257 1153 4310 und
1170 4251 1223 4308 edel

235 4337 325 4393 Ueber
344 4337 392 4390 der
412 4337 508 4391 Zeiten
527 4338 634 4392 Gewirr
652 4339 739 4396 hebet
758 4343 802 4397 ein
822 4342 914 4414 sinnig
934 4341 1078 4399 Gemuthst

1113 4434 1141 4489 e.
1160 4432 1208 4498 u]
