2836 5034
382 354 675 405 sumnamonsn
699 357 772 404 nnn
795 342 1006 402 tunsiones.
1202 334 1268 399 699

134 496 216 577 ιίωο,
234 499 270 559 et
288 497 470 581 plenissimi
488 503 521 563 et
539 499 743 565 saluberrimi
762 497 992 582 redundarunt,
1010 497 1053 580 id,
1076 496 1138 560 etsi
1156 498 1270 559 nostra

134 601 200 666 ribi
224 603 381 668 voluntas
403 626 578 690 numquam
605 606 722 688 defuit,
751 610 859 670 minen
887 605 984 691 longe
1013 603 1270 690 gravissimam

134 713 218 792 ¹iurte
241 709 315 775 'l'na
337 711 442 796 ipsius
463 712 583 777 rirtme
605 713 754 778 effectum
777 734 847 777 esse
871 712 968 777 scito:
995 710 1118 796 quain
1140 708 1269 773 litteras

134 815 255 901 puidem
283 816 334 881 ita
363 818 553 902 incubuisti,
582 824 620 883 ut
646 820 681 884 in
711 818 772 884 hoc
802 840 931 904 qnoque
963 838 1081 903 genere
1111 816 1271 879 maiorum

134 922 267 1007 gloriam
282 925 480 990 aemularere
500 926 684 991 constantia
701 926 919 1010 temperantia
937 922 1181 1009 perseverantia
1198 942 1272 1005 par·

134 1050 202 1113 tam,
224 1029 303 1096 hnic
326 1036 436 1097 antem
459 1038 607 1099 strenuae
630 1033 833 1098 contentioni
858 1031 959 1096 animi
978 1030 1162 1111 candorem,
1184 1028 1271 1091 ritae

134 1137 346 1203 innocentiam
369 1161 558 1225 morumque
581 1141 776 1205 suavitatem
804 1144 931 1204 tantam
960 1138 1108 1220 sociasti,
1135 1140 1173 1199 nt
1200 1135 1273 1219 pari

134 1260 197 1307 mm
219 1245 488 1328 praeceptoribus
509 1250 579 1311 tum
602 1246 881 1312 commilitonibus
905 1243 1068 1328 voluptati
1092 1246 1190 1326 atque
1208 1240 1273 1304 toti

134 1348 332 1416 universitati
355 1357 547 1417 ornamento
570 1375 666 1418 esses.
703 1353 816 1438 ltaque
839 1352 958 1418 indolis
982 1351 1183 1436 praestantia
1200 1370 1273 1414 cnm

134 1455 212 1521 ultra
240 1459 466 1523 universitatis
498 1459 578 1525 fines
610 1481 853 1546 quoquoversus
881 1464 996 1544 patens
1026 1457 1177 1537 eniteret,
1208 1476 1274 1520 non

134 1563 263 1645 potuisti
292 1587 361 1631 non
387 1566 533 1630 omnium
555 1565 631 1630 'libi
652 1566 884 1631 Rhenanorum
914 1564 1041 1628 animos
1065 1561 1146 1626 adeo
1168 1561 1276 1626 derin-

134 1667 207 1752 uirs,
241 1674 280 1734 ut
311 1670 368 1736 diu
399 1670 552 1737 obtinens
584 1673 670 1737 inter
702 1672 978 1757 Angustissimum
1010 1670 1142 1735 domum
1174 1667 1278 1732 Tuam

134 1774 310 1862 imumque
340 1775 534 1844 Rhenanam
569 1778 818 1844 necessitudinis
845 1779 1008 1843 vinculum
1041 1777 1139 1840 etiarn
1174 1773 1277 1839 artius

134 1882 308 1968 constringi
331 1885 508 1968 rideretur,
535 1885 781 1969 laetissimaqne
805 1884 877 1949 Tua
900 1885 1068 1948 internos
1091 1881 1278 1966 praesentia

134 2004 188 2069 pro
207 2010 294 2054 novo
317 1992 456 2077 pignore
480 1997 611 2057 mutuae
634 1991 782 2056 cantatis
802 1991 977 2056 haberetur
1000 1994 1034 2053 et
1057 1987 1276 2053 consortionis

134 2111 186 2177 per
201 2094 322 2175 futura,
341 2120 425 2182 quae
444 2098 589 2163 divium
608 2120 727 2163 numen
747 2103 949 2179 averruncet,
967 2096 1156 2160 discrimina
1169 2117 1277 2159 rerum

134 2196 313 2267 felicissime
336 2204 521 2270 duraturae

214 2306 329 2394 ltaque
352 2333 419 2375 non
441 2316 555 2376 nostro
579 2318 716 2389 tantum,
739 2311 797 2375 sed
819 2317 988 2396 tamquam
1013 2311 1183 2374 universae
1207 2330 1280 2392 pro·

134 2412 252 2481 rudae
278 2418 413 2482 nomina
436 2418 502 2481 iam
524 2438 694 2500 precamur
721 2440 761 2481 ex
788 2418 891 2482 animi
919 2416 1096 2497 sententis,
1123 2417 1171 2479 uti
1194 2414 1281 2497 Tibi,

134 2515 315 2589 Celsissime
339 2523 505 2609 Princeps,
528 2525 616 2588 bona
634 2524 741 2588 fausta
760 2525 928 2589 fortunata
947 2529 1063 2588 cuncta
1079 2523 1167 2587 Deus
1182 2522 1273 2605 Opti-

138 2644 201 2691 mus
217 2627 382 2694 Maximus
404 2631 475 2694 duit
498 2631 637 2714 dataque
661 2637 838 2714 perpetuet,
862 2632 1058 2713 beatumque
1077 2629 1165 2708 Te,
1156 2651 1188 2693 in
1213 2650 1278 2712 quo

139 2738 257 2813 speses
280 2737 372 2800 salus
396 2737 507 2800 futura
530 2738 655 2820 patriae
683 2739 827 2820 reposita
851 2744 915 2819 est,
943 2760 1001 2822 per
1028 2758 1187 2801 annorum
1211 2734 1280 2797 diu-

141 2840 317 2906 tumitatem
351 2844 515 2926 propitius
548 2844 685 2926 sospitet
719 2846 982 2928 superstitetque.
1038 2843 1144 2906 llacte
1178 2842 1280 2925 igitur

141 2942 245 3011 virtute
273 2947 359 3031 Tua,
388 2953 421 3013 et
450 2951 478 3012 si
502 2950 552 3013 fas
576 2955 625 3013 est
648 2957 769 3034 petere,
800 2957 948 3015 nostrum
972 2950 1131 3039 huiusque
1155 2948 1281 3010 univer·

141 3048 236 3117 sitatis
258 3075 484 3140 annorumque
508 3062 541 3118 et
559 3055 697 3120 dulciter
720 3063 752 3119 et
776 3061 812 3119 ut
831 3078 999 3139 speramus
1019 3054 1207 3117 salutariter
1225 3052 1278 3116 hie

141 3156 366 3226 tansactorum
392 3167 460 3226 tam
485 3163 676 3226 benevolam
695 3162 955 3227 recordationem
975 3161 1091 3239 recole,
1113 3182 1210 3243 quam
1229 3157 1284 3221 de·

146 3267 210 3329 ua
230 3265 305 3333 Tibi
329 3267 476 3351 Tuisque
499 3269 674 3331 virtutibus
699 3270 805 3351 pietas
829 3275 942 3332 nostra
965 3267 1165 3350 perennabit.
1189 3264 1284 3328 l'ale.

217 3370 449 3438 Scribebamus
473 3373 608 3439 Bonnae
631 3373 741 3437 Idibus
766 3373 894 3438 llartiis
917 3397 946 3437 a.
969 3390 1191 3438 ciniscccnn.

687 3728 717 3790 l.

155 3852 329 3952 tnschlag
358 3867 429 3930 der
453 3865 658 3950 Leipziger
682 3866 930 3941 l'niyersitat
961 3866 1021 3928 bei
1051 3865 1118 3930 der
1142 3865 1292 3933 l'eber·

203 3971 325 4038 nahme
348 3974 417 4038 des
442 3971 653 4035 Rectorats
677 3972 797 4035 durch
821 3973 892 4035 den
918 3970 1049 4055 Ksnig
1077 3974 1227 4039 ¹llbeut

226 4108 336 4180 Rector
358 4119 396 4179 et
417 4112 558 4179 Senatus
577 4110 809 4176 l'niversitatis
833 4112 1014 4195 Lipsiensis
1034 4120 1044 4195 l
1063 4114 1202 4180 Civibus
1223 4140 1295 4181 aca-

161 4202 263 4283 densi·
278 4221 290 4304 Ι
305 4226 339 4285 et
367 4221 568 4307 quicumque
594 4240 667 4282 cum
698 4221 731 4283 in
760 4219 820 4283 hae
845 4220 925 4283 urbe
949 4228 1022 4286 tum
1046 4224 1137 4307 apud
1161 4242 1297 4289 exteros

162 4311 236 4382 uhu
253 4327 370 4391 nostris
395 4327 481 4390 bene
503 4324 617 4387 solunt
633 4325 644 4401 Ι
662 4322 816 4387 Salutem.

195 4482 198 4489 .
230 4421 404 4516 Postqmm
438 4429 698 4493 anniversarium
731 4430 875 4495 osticium
909 4432 1008 4497 rediit
1037 4440 1117 4503 nori
1148 4437 1299 4503 Retron-{s
