2836 5034
481 319 710 367 usrsrmscnu
734 319 859 368 sunan.
1178 303 1242 366 679

132 461 219 526 iores
243 466 376 526 suntet
399 461 637 546 locupletiores,
660 484 698 527 eo
722 485 798 527 sane
822 469 855 528 et
878 464 967 546 optio
992 464 1125 527 liberior
1143 468 1176 527 et
1194 462 1241 526 in-

133 567 225 652 gnior
253 568 421 633 nominum
450 568 616 653 splendor:
654 591 717 654 quo
746 569 773 634 si
797 570 920 635 accedit
942 570 1051 634 lautus
1074 568 1241 634 doctrinae

132 679 291 758 pparatus,
318 697 383 740 non
410 681 550 760 possunt
577 676 652 741 hinc
681 697 746 741 uon
773 658 897 741 fructus
920 676 953 741 in
977 676 1104 741 litteras
1127 675 1241 740 redun-

132 803 178 846 ste
199 803 272 847 raro
295 783 444 867 exemplo
467 784 641 868 praeclari,
669 789 703 850 ct
729 783 870 868 dignitas
893 784 983 848 nasci
1007 783 1088 848 bone
1111 781 1241 847 merito-

132 910 174 952 rm
199 888 406 955 multitudine
434 891 582 975 quaesita
613 912 770 976 veraeque
804 891 934 955 virtutis
967 889 1061 954 laude
1095 890 1240 956 affluens.

132 994 166 1058 ed
185 995 268 1061 hanc
292 996 419 1061 laudern
443 996 520 1061 dum
545 997 699 1080 minores,
727 1019 808 1082 quas
831 995 1142 1080 commendavimus,
1170 1019 1240 1062 aca-

132 1103 223 1166 emias
255 1103 518 1186 aemulabuntur,
549 1125 615 1169 non
647 1104 711 1168 crit
741 1104 887 1187 profecto
920 1103 1006 1188 quod
1036 1104 1087 1167 vel
1120 1104 1240 1168 iustam

132 1205 235 1274 loriam
259 1214 427 1295 tamquam
450 1230 624 1296 germanae
647 1212 731 1273 natu.
750 1210 865 1276 maiori
889 1209 1058 1275 invideant
1080 1210 1130 1275 vel
1154 1209 1240 1275 debi-

132 1334 168 1380 in
202 1317 230 1381 ei
267 1317 527 1402 praerogativam
560 1318 720 1402 denegare
753 1316 900 1382 animum
932 1317 1096 1382 inducant.
1150 1317 1239 1382 Talis

132 1427 206 1489 rtem
228 1425 475 1509 praerogativae
498 1425 569 1488 iura
586 1428 620 1488 ct
637 1424 753 1507 decora
772 1424 889 1507 quibus
908 1423 1053 1489 consiliis
1071 1423 1240 1509 dirigenda

132 1529 278 1616 cibusque
302 1531 420 1596 finibus
443 1530 735 1596 circumscribendo
757 1552 827 1596 esse
847 1529 1023 1614 videantur,
1047 1553 1114 1595 non
1132 1531 1237 1617 magis

132 1641 150 1701 rt
169 1637 265 1702 huius
290 1638 353 1702 loci
376 1637 537 1722 persequi,
559 1659 655 1723 quam
678 1638 819 1723 reliquas
842 1642 952 1722 partes
975 1637 1167 1722 adomaudi,
1190 1637 1236 1702 di·
1252 1662 1272 1701 x

132 1743 245 1826 nendi,
279 1742 526 1809 administrandi
559 1745 627 1808 eius
661 1744 803 1810 instituti
827 1744 1018 1831 singillatim
1048 1745 1238 1828 describere,
1302 1756 1309 1767 “

132 1850 186 1916 ius
209 1849 292 1915 nihil
315 1851 379 1915 nisi
403 1873 563 1917 summam
587 1851 749 1936 quandam
772 1851 934 1917 voluimus
957 1851 1159 1936 populariter
1183 1852 1236 1917 ad·

132 1959 247 2023 sbrsrc
271 1961 305 2023 et
326 1959 391 2023 rim
416 1959 601 2024 universam
625 1959 817 2044 significare.

182 2064 389 2130 ltevertimur
411 2065 512 2149 igitur
534 2065 617 2130 unde
640 2065 746 2130 exorsi
769 2087 891 2150 sumus,
914 2064 1043 2130 adeius
1063 2083 1236 2132 Purucn’rs

132 2172 334 2237 notissimam
362 2172 633 2257 recordationem,
665 2172 716 2236 cui
743 2176 777 2236 et
804 2172 950 2237 inclitam
978 2172 1176 2237 academiam
1204 2178 1237 2238 ct

132 2305 156 2348 n
186 2280 294 2344 minus
323 2279 452 2344 inclitas
481 2279 710 2344 universitates
739 2301 814 2344 suas
842 2284 910 2343 tam
939 2300 1009 2343 esse
1038 2278 1126 2344 cordi
1154 2280 1236 2343 scia-

132 2409 178 2471 ra,
209 2386 285 2452 hinc
308 2391 345 2450 ut
368 2386 547 2471 gratissimi
572 2385 673 2451 animi
695 2384 891 2451 testificandi
913 2406 1028 2450 caussa
1052 2385 1235 2470 locupletis·

132 2516 173 2559 na
197 2493 376 2559 hauriatur.
408 2494 504 2558 Faxit
526 2493 628 2579 igitur
644 2491 732 2557 Deus
752 2491 904 2577 Optimus
927 2489 1097 2574 Maximus,
1121 2496 1157 2555 ut
1179 2513 1236 2574 per

132 2601 320 2686 rgissimum
354 2623 512 2666 annorum
546 2600 686 2683 spatium
719 2598 892 2662 incolumis
922 2591 1016 2661 riobis
1047 2601 1079 2660 et
1110 2596 1233 2660 civitati

132 2711 224 2771 strae
248 2712 281 2770 ct
305 2707 473 2771 universae
492 2707 617 2789 patriae
637 2710 845 2770 conservatus
869 2721 936 2767 nux
959 2719 1234 2768 svsvsrrssrnvs

132 2812 309 2899 *gissimam
334 2814 396 2878 sibi
421 2813 548 2896 copiam
573 2814 736 2877 inventam
761 2810 942 2895 gratuletur
965 2830 1121 2895 generose
1145 2832 1234 2875 exse-

132 2919 293 2984 endorum
331 2942 412 3002 quac
451 2923 518 2982 tam
556 2939 709 3003 generoso
747 2917 924 2999 incohavit,
962 2916 1232 3003 consiliorumque

132 3025 236 3090 unium
265 3024 365 3109 digua
393 3025 569 3089 maioribus
599 3025 705 3108 gloria
733 3024 1020 3108 perpetrandorum
1045 3025 1232 3107 opportuni·

132 3155 175 3199 'es
199 3133 369 3197 nobiscum
392 3133 533 3196 laetetur
556 3132 827 3215 exoptatissimus.
873 3133 910 3207 Q.
934 3129 973 3194 D.
996 3128 1032 3193 B.
1056 3128 1094 3194 V.

649 3401 677 3463 8.

132 3541 270 3607 Oratio
298 3539 340 3602 dc
370 3538 569 3604 Friderico
598 3540 793 3604 liuilelnro
820 3540 874 3604 lll
910 3541 1186 3605 universitatis

147 3645 357 3711 Rhenanae
381 3647 584 3712 conditore
608 3646 744 3711 habita
767 3647 827 3712 dic
853 3647 910 3711 lll
937 3671 976 3711 m.
1000 3647 1169 3732 Augusti

566 3776 593 3817 a.
620 3752 754 3837 1865.*)

174 3894 325 3979 Quinque
349 3895 524 3959 lustrorum
549 3896 706 3978 spatium,
730 3895 892 3960 auditores
916 3919 975 3961 suo
999 3897 1135 3982 quisque
1159 3899 1229 3962 loco

132 4001 330 4084 rctatissimi,
361 4002 422 4067 hoc
451 4002 523 4086 ipso
552 4025 636 4066 anno
667 4007 815 4067 exactum
845 4006 906 4086 est,
937 4026 1009 4068 cum
1038 4026 1110 4068 eum
1134 4005 1228 4069 nobis

173 4248 198 4316 ·)
218 4246 310 4318 [Hanc
329 4247 483 4303 orationem
505 4248 632 4302 ultimam
651 4249 680 4302 in
699 4248 881 4304 universitate
900 4250 1035 4304 Rhenana
1052 4248 1151 4303 habuit
1168 4247 1227 4303 sit

132 4334 207 4390 elius
229 4334 290 4406 ipso
314 4335 438 4391 ciusdem
462 4335 528 4390 anni
547 4338 680 4391 autumno
700 4337 729 4390 in
748 4337 921 4392 academiam
944 4336 1117 4407 Lipsicusem
1140 4336 1227 4392 disce-

132 4441 158 4480 s.
199 4422 229 4481 c.
248 4425 306 4496 rs]
