2836 5034
436 298 702 351 ssnnnsrrosrs
725 300 939 349 servasses.
1196 284 1259 349 311

152 442 315 515 mnam
341 450 558 533 exemptaque
583 444 618 509 in
648 442 845 510 Bacchidum
876 442 1021 510 editione
1047 441 1263 529 plurimorum

152 550 348 641 duplarium
365 550 562 638 discrepanti
581 551 742 638 scriptura
759 555 933 637 postquem
956 548 1171 618 falsissimum
1191 570 1264 617 esse

152 659 268 748 sppsruit
287 658 345 747 qui
368 658 409 725 de
429 659 541 725 neseio
563 658 681 745 quibus
704 660 907 725 vetustanim
928 658 1110 725 editionum
1132 656 1263 725 thesau-

154 765 243 833 rirdin
262 788 375 833 rumor
396 765 605 849 obtinuisset,
624 786 713 831 nuno
733 786 800 831 non
824 768 896 831 erat
916 764 1064 853 proiecto
1086 786 1145 831 our
1165 764 1202 831 in
1223 784 1263 831 eo

155 894 237 961 genere
256 872 326 939 sine
347 873 457 941 boeto
483 872 589 941 denuo
610 894 821 939 moraremur.
866 870 981 959 {teque
1003 892 1078 937 oum
1100 870 1262 939 editorum

155 987 202 1047 lan
219 980 606 1049 oeterorumeritieorum
633 980 770 1047 nomina
795 979 844 1045 eis
868 982 997 1046 tantum
1019 976 1101 1045 loeis
1123 999 1263 1045 comme

158 1088 258 1173 mvi,
282 1086 404 1174 quibus
429 1086 479 1153 illi
507 1085 557 1153 vel
580 1086 705 1174 aliquid
727 1086 843 1153 salutis
866 1085 1058 1153 attulissent
1079 1084 1131 1151 vel
1152 1084 1263 1171 aliqua

157 1194 277 1261 banse
294 1194 546 1279 memorabilem,
567 1194 717 1282 quamvis
739 1216 761 1261 a
782 1215 858 1261 vero
875 1194 1081 1261 aberrantem
1099 1194 1263 1259 oonieetu·

159 1322 204 1369 na
219 1302 444 1369 admovissent:
471 1301 602 1389 quando
630 1302 729 1369 etism
757 1322 882 1367 errores
909 1322 980 1367 esse
1007 1298 1167 1367 eiumodi
1190 1322 1263 1385 pos·

163 1412 216 1493 1,
238 1414 272 1477 nt
299 1407 423 1495 aliquid
452 1408 503 1475 sel
532 1408 638 1477 laudis
669 1407 720 1475 vel
750 1406 905 1475 utilitatis
931 1406 1084 1475 habeant
1128 1405 1168 1475 In
1197 1428 1262 1493 quo

159 1512 229 1581 siti
251 1515 386 1583 videbor
411 1515 535 1583 nimius
561 1514 675 1600 fuisse,
700 1514 911 1601 quantumvis
937 1514 990 1582 vel
1016 1514 1182 1581 inutilium
1204 1512 1261 1581 ba·

158 1620 325 1691 rblationum
343 1621 396 1689 rel
414 1622 641 1709 imperitarum
658 1622 879 1690 mutationum
896 1622 1003 1688 seiens
1020 1620 1153 1689 silentio
1171 1642 1263 1709 prae

157 1726 276 1797 asem:
310 1729 414 1797 nimia
445 1729 532 1797 volui
565 1729 737 1817 diligentia
771 1750 869 1815 quam
901 1728 1075 1797 severitate
1111 1728 1262 1816 aliquave

152 1834 322 1923 neglegentia
339 1858 482 1923 peeeere
516 1836 564 1903 lit
585 1836 748 1903 editorum
768 1835 910 1923 quidem,
930 1836 988 1923 qui
1004 1833 1165 1903 blandam
1187 1857 1260 1922 pro·
1275 1854 1320 1897 nn

151 1940 215 2009 rino
235 1943 401 2013 inmmello
428 1944 530 2012 soeuti
553 1949 645 2029 sunt,
672 1942 812 2029 perieris
839 1942 880 2009 ad
907 1942 1144 2010 emendandum
1166 1942 1262 2009 Plau·

151 2050 202 2113 tun
222 2072 313 2137 opera
337 2050 417 2117 fuit:
443 2056 482 2119 ut
502 2050 637 2118 Eusebii
660 2049 827 2117 chnsnu
851 2054 885 2116 et
908 2048 1053 2138 Philippi
1075 2048 1262 2117 semrom

148 2153 183 2219 in·
199 2156 381 2226 editionibus
414 2156 712 2226 Mediolanensibus
742 2179 902 2225 annorum
933 2174 1202 2225 croccccnxxxx
1228 2160 1264 2223 et

150 2276 228 2332 ⁰⁰¹³:
250 2264 359 2351 paullo
387 2266 495 2351 plura,
521 2265 556 2331 in
583 2264 768 2332 bisantem
793 2264 951 2351 quaedam
975 2263 1169 2347 τοοίἰωὶωο,
1196 2284 1261 2331 non

151 2373 298 2456 natarunt,
319 2372 376 2439 sed
399 2372 520 2439 mutari
541 2372 576 2437 in
598 2372 866 2440 annotationibus
888 2372 1054 2439 iusserunt
1074 2368 1261 2439 Bernardus

148 2470 318 2545 bmmsvs
342 2478 486 2545 Venetae
509 2502 538 2545 a
560 2496 909 2545 croccccnxxnxvrru
932 2478 1037 2545 editor
1059 2482 1095 2545 et
1117 2478 1260 2563 perversi

151 2579 238 2668 doqui
266 2587 361 2651 horno
389 2586 498 2652 iudicii
522 2586 546 2653 l.
570 2585 606 2651 B.
632 2586 712 2651 l'1vs
740 2587 774 2650 in
798 2585 1031 2651 Mediolanensi
1060 2610 1087 2649 a.
1112 2605 1220 2667 crore,
1243 2612 1260 2650 e

155 2688 213 2754 aius
229 2694 465 2758 absurdissimis
485 2716 715 2777 saepenumero
735 2693 928 2759 coniecturis
947 2698 1052 2757 lotium
1069 2693 1261 2776 pependisse

157 2788 277 2865 lironem
302 2800 549 2884 Carpenterium
574 2801 738 2866 hominem
763 2802 857 2885 longe
883 2800 1130 2885 ignavissimum
1151 2800 1171 2863 l.
1191 2824 1215 2864 s.
1235 2824 1260 2864 s.

158 2894 212 2967 brui
225 2929 250 2990 p.
265 2909 330 2973 488
342 2911 397 2988 [=
410 2909 466 2988 lli]
478 2930 547 2991 sqq.
575 2905 673 2972 Cuius
688 2912 794 2972 autern
811 2909 841 2971 in
859 2907 1019 2991 plerisque
1036 2906 1155 2971 l'abulis
1170 2927 1259 2989 gras·

154 3010 253 3078 abest
278 3014 424 3079 mutandi
447 3014 579 3079 lieentia
607 3014 818 3097 incredibilis,
848 3036 907 3079 neo
931 3020 1039 3078 tumen
1065 3036 1103 3077 ea
1127 3035 1259 3097 prorsus

153 3108 328 3202 infructuosa,
367 3120 527 3187 Proseis
566 3121 599 3185 iu
637 3120 795 3186 Brixiensi
833 3122 908 3187 amri
948 3140 1076 3187 (simoin
1117 3120 1258 3185 editione

152 3213 338 3292 Trinummuni
370 3229 498 3312 quidem
530 3230 581 3292 vix
612 3229 737 3312 attigit:
769 3252 826 3293 nec
859 3230 924 3293 sere
955 3229 1058 3311 inagis
1089 3229 1144 3314 qui
1173 3228 1258 3293 hune-

152 3332 202 3392 rut
220 3335 318 3400 secuti
344 3333 511 3405 Nicolaus.
531 3336 709 3400 lineamve·
744 3337 776 3400 in
806 3336 937 3400 liirrtinu
973 3360 1001 3400 a.
1025 3352 1196 3401 dialexim
1226 3344 1259 3400 et

152 3426 298 3507 invenem
321 3465 349 3506 a.
373 3460 538 3508 croloxxn
564 3444 684 3507 Annvs
709 3465 780 3507 eum
805 3442 959 3507 Asulano.

210 3544 253 3611 lta
283 3570 334 3612 res
362 3548 467 3613 omnis
495 3549 535 3612 ad
563 3549 725 3615 loscsurr
754 3548 950 3614 Causssnn
984 3549 1140 3615 nostratis
1170 3570 1259 3634 egre-

152 3642 211 3720 giam
238 3655 427 3720 industriam
461 3678 498 3721 ee
531 3655 724 3721 laudabilem
758 3679 815 3740 pro
854 3656 940 3721 illius
978 3657 1095 3721 aetatis
1133 3656 1258 3721 rationo

152 3745 315 3838 diligentiam
339 3762 467 3826 redacta
488 3766 550 3827 est:
574 3763 629 3846 qui
649 3764 734 3847 quod
759 3787 796 3827 ex
817 3762 997 3827 Basileensi
1017 3764 1092 3827 anni
1113 3782 1256 3830 melsun

153 3856 268 3953 editione,
300 3869 437 3954 repetita
468 3871 525 3935 illa
552 3870 683 3954 Georgii
713 3871 852 3935 Fabricii
887 3871 936 3934 sui
965 3870 1050 3935 curis
1081 3869 1199 3934 ibidem
1229 3895 1257 3935 a.

153 3978 305 4059 Citleuvm,
327 3999 445 4042 nomen
469 3977 595 4043 invenit
617 3977 825 4060 sospitatoris
848 3976 971 4061 Plauti,
1001 4000 1038 4041 eo
1067 4000 1180 4061 reapse
1204 4002 1256 4043 ex·

154 4071 212 4140 ‘lilii
229 4082 438 4168 dignissimus.
484 4082 582 4149 Cuius
607 4083 711 4149 laudis
735 4085 796 4149 etsi
821 4108 897 4169 pars
928 4086 1082 4169 primaria
1113 4111 1150 4152 eo
1181 4111 1255 4154 con-

156 4172 253 4271 betur,
279 4190 363 4276 qnod
393 4190 691 4275 praestantissimos
720 4192 821 4255 libros
850 4192 1016 4257 Palatinos
1048 4194 1115 4259 ΒΓ
1141 4200 1255 4260 nactus

158 4288 302 4392 &lumen
326 4299 424 4362 etiam
448 4296 503 4361 ubi
527 4296 568 4362 ab
593 4297 644 4361 his
668 4320 732 4362 non
757 4298 891 4363 heberet
914 4308 1065 4384 paratum
1090 4301 1253 4382 auxilium,

159 4389 241 4479 ”mgni
265 4426 356 4490 saepe
383 4404 560 4491 sagacitate
587 4405 787 4491 palmarique
816 4406 1037 4471 emendatione
1069 4429 1178 4471 verum
1209 4407 1254 4471 irr-
