2836 5034
148 316 214 380 394
433 326 696 376 vnonnoouuns
720 325 768 373 nn
791 322 1006 373 ssvronrsvs

147 474 290 557 dubitat,
323 472 378 538 scd
405 494 446 537 ne
474 470 591 556 parilia
619 469 746 555 quidem
774 487 903 534 canem
930 468 1030 533 colos
1055 488 1150 533 amos
1173 488 1244 533 soro

147 583 252 646 seiros
275 581 367 645 meri
394 566 600 662 erum*)‘eis
624 576 659 640 in
682 575 776 658 locis,
804 573 860 658 qui
884 578 918 639 et
941 596 962 638 a
984 573 1077 639 libris
1100 594 1165 639 mss
1183 573 1246 638 iden

14 714 135 756 cxnvm
148 710 208 753 nec
232 686 360 752 aliunde
384 684 508 770 aliquid
535 683 724 767 suspitionis
748 682 885 765 habent,
911 685 1035 747 temere
1058 701 1126 745 esse
1144 680 1175 745 in
1192 681 1240 745 ιιι

147 794 305 858 tationem
338 791 485 857 vocanda
513 787 717 855 concedatur,
760 787 823 854 Sed
850 787 1030 869 nomina,
1053 791 1091 853 ut
1121 786 1191 872 dixi,
1211 788 1249 852 vel

148 899 366 983 particulas
392 901 521 984 oportet
544 919 628 982 esse,
656 918 732 961 non
758 896 890 978 verba,
922 918 942 961 a
969 895 1088 981 quibus
1108 895 1166 961 boc
1185 916 1251 981 genu

148 1007 314 1090 licentiae,
342 1008 370 1071 si
399 1006 477 1092 quid
500 1005 608 1089 video,
637 1026 770 1088 prorsus
799 1003 966 1068 exclusum
992 1003 1065 1069 tuit
1109 1001 1154 1068 De
1174 1002 1253 1067 Plauto

148 1113 279 1197 loquor,
316 1113 357 1177 ad
395 1112 582 1203 Terentium
619 1099 684 1176 alio
721 1114 866 1194 tempore
903 1109 1076 1176 rediturus.
1123 1110 1255 1176 Rationem

149 1219 301 1304 quaeris?
329 1219 562 1303 experientiam
588 1240 731 1302 oppono:
759 1238 819 1282 uec
842 1215 930 1281 enim
953 1217 1005 1282 vel
1028 1223 1111 1283 amet
1129 1217 1178 1282 vel
1195 1217 1257 1283 tedis

150 1325 201 1389 vel
223 1325 309 1405 screa
331 1327 382 1390 vel
405 1327 508 1390 ει-ιιαιιι
526 1326 577 1390 vel
597 1319 701 1390 ramnes
717 1325 770 1390 vel
788 1323 946 1389 eiusmodi
966 1324 1138 1410 quicquam
1157 1324 1259 1389 similer

150 1432 374 1516 ecthlipsim
398 1455 529 1517 passum
552 1454 707 1518 umquam
731 1430 911 1498 observavi.
943 1419 1017 1496 Nisi
1037 1430 1123 1516 quod
1139 1453 1199 1497 non
1214 1449 1260 1494 cess

150 1536 353 1623 ecorruptis
378 1540 670 1625 argumentandum
694 1562 753 1604 sua
771 1542 886 1621 sponte
904 1537 1122 1624 intellegitur:
1145 1537 1262 1623 qualibus

152 1667 263 1709 cavum
286 1647 492 1730 potissimum
516 1646 703 1730 formarum,
727 1668 808 1731 quac
833 1647 910 1709 sunt
932 1645 1033 1710 uelle
1055 1644 1159 1727 verbi,
1184 1665 1267 1709 mono

38 1774 135 1815 cxmx
150 1752 313 1834 syllabam
337 1754 633 1836 pronuntiationem
656 1752 829 1837 probatum
852 1748 1027 1838 tormen)
1064 1750 1164 1817 Velut
1185 1748 1267 1835 Capti·

243 1944 269 2012 ⁴²)
294 1945 356 2000 Nisi
379 1945 408 1999 in
431 1945 476 2000 his
495 1962 572 2002 amor
595 1945 691 2015 (Andr.
714 1945 740 2015 I,
763 1951 788 2014 ὅ,
811 1947 857 2014 26)
881 1945 911 1999 et
932 1961 1010 1999 essem
1031 1944 1144 2014 (Bacch.
1163 1943 1207 2011 Ν,
1223 1949 1271 2010 ⁴2&

150 2032 209 2089 Mil.
228 2033 262 2101 11,
281 2039 307 2100 4,
326 2036 353 2102 9)
372 2037 474 2102 essent,
494 2037 523 2090 ct
540 2050 624 2105 supra
643 2036 729 2103 enim,
748 2033 848 2090 ceteris
866 2032 1087 2102 condicionibus,
1106 2032 1205 2102 quibus
1221 2033 1272 2087 hm

150 2120 295 2176 licentiam
320 2139 405 2192 passa
430 2123 568 2179 vocabula
593 2122 726 2191 astrinxi,
750 2122 824 2178 hanc
845 2121 1026 2191 adiecissem,
1050 2123 1084 2176 ιιι
1100 2137 1119 2175 a
1136 2119 1274 2178 consonari

150 2207 273 2278 incipere
291 2210 392 2266 debere
412 2212 545 2267 dicerem:
564 2211 594 2266 id
613 2211 687 2281 quod
705 2211 735 2266 in
754 2211 837 2282 longe
856 2208 980 2281 plurima
997 2208 1076 2266 cadit
1094 2209 1226 2280 proiecto.
1251 2207 1276 2262 n

151 2297 257 2367 aliquid
271 2299 388 2355 interest
402 2317 477 2368 sane,
494 2303 587 2355 utrum
606 2302 750 2370 tamquam
771 2300 872 2368 m’lum,
891 2300 968 2366 d'ms',
986 2301 1087 2367 m'ssus,
1105 2302 1193 2365 essen,
1208 2296 1277 2363 εἰει

150 2391 244 2455 dmm,
259 2389 329 2458 c'tus,
343 2393 423 2456 svor,
436 2393 509 2444 o’roe
523 2389 743 2458 pronuntiemus,
757 2406 794 2445 an
807 2405 885 2445 umor
898 2392 928 2444 et
941 2405 1018 2444 mum
1031 2388 1142 2444 etenim
1150 2386 1279 2443 vocabule·

150 2494 212 2530 rum
221 2478 443 2547 monosyllabum
455 2477 711 2548 pronuntiationem
725 2476 917 2548 aliquomodo
931 2476 1085 2545 imitemur,
1100 2493 1166 2531 cum
1175 2475 1280 2532 haecvir

150 2567 260 2636 possint
277 2568 369 2639 priore
388 2569 479 2623 vocali
504 2569 606 2624 extrita
627 2569 758 2638 proferri,
782 2567 831 2622 sed
850 2567 890 2621 sic
908 2565 1002 2637 potius
1021 2567 1054 2621 ut
1072 2565 1196 2621 videtur:
1220 2568 1279 2631 crs‘r,

150 2659 225 2722 er'm,
244 2659 319 2712 en'm.
345 2657 450 2713 Verum
465 2657 579 2713 difficile
595 2661 638 2714 cst
652 2660 681 2713 et
695 2657 841 2726 lubricum,
858 2656 926 2726 quid
939 2656 1016 2711 vitae
1032 2657 1206 2712 consuetudo
1223 2658 1279 2710 vete

150 2761 211 2796 rum
230 2745 348 2813 probare
367 2746 412 2801 vel
431 2747 555 2817 potuerit
569 2747 614 2800 vel
627 2764 684 2802 non
698 2747 829 2816 potuerit,
848 2746 959 2815 assequi
973 2745 1171 2802 ratiocinando
1185 2749 1213 2801 et
1224 2762 1279 2800 con·

150 2831 320 2889 minisccndo
336 2834 416 2889 velle.
428 2867 460 2874 -
472 2835 600 2890 Ceterum
616 2834 804 2904 quaerendum
819 2834 880 2903 erit,
896 2852 963 2888 num
981 2832 1054 2889 forte
1075 2835 1163 2890 etiam
1180 2835 1215 2889 ad
1226 2836 1280 2888 sius

151 2921 387 2989 praepositionem
406 2924 504 2978 eadem
524 2924 669 2992 ecthlipsis
687 2922 861 2992 pertinuerit,
879 2925 913 2977 ut
929 2921 1029 2978 Pseud.
1049 2924 1070 2989 1,
1090 2929 1115 2990 3,
1137 2932 1202 2978 144:

260 3010 314 3064 sed
333 3010 392 3066 sine
412 3014 528 3083 argento
548 3011 683 3079 frristra's,
702 3011 750 3080 qui
769 3027 813 3064 mc
832 3014 874 3064 tut
892 3009 1017 3064 misereri
1035 3012 1177 3080 postulas:
1293 3070 1296 3101 Ι

152 3099 191 3151 sic
216 3098 289 3152 onim
313 3100 352 3154 ibi
375 3102 410 3156 A.
448 3102 522 3155 Nam
545 3101 579 3155 de
608 3101 734 3155 obsoleto
758 3117 784 3154 se
807 3101 911 3154 frustra
933 3099 971 3154 sit
994 3099 1043 3167 qui
1070 3099 1148 3169 apud
1170 3100 1278 3154 Plautus
1293 3104 1296 3143 ¹

151 3186 263 3257 cogitet.
302 3189 427 3258 [Cogitat
449 3190 618 3244 Bitschelius
645 3189 744 3258 Opusc.
765 3187 833 3257 phil.
854 3188 892 3241 ΙΙΙ
910 3205 936 3257 p.
959 3193 1024 3254 1303
1041 3188 1071 3241 in
1096 3188 1216 3244 editione
1234 3188 1277 3241 aa

151 3293 260 3330 arimino
279 3276 414 3346 dederat]
447 3277 525 3332 Adde
546 3277 666 3331 Andriae
690 3277 828 3332 senarium
847 3278 868 3346 1,
889 3282 912 3345 1,
932 3281 965 3330 39
986 3293 1003 3330 a
1022 3276 1089 3331 Ss'sss
1107 3279 1218 3332 israelita
1232 3277 1275 3331 us

151 3366 209 3419 dcta
228 3367 426 3423 exordientem.
464 3367 544 3433 Quod
563 3367 587 3420 si
605 3366 834 3436 probabilitatem
852 3367 965 3432 habeat,
984 3382 1018 3419 ex
1037 3382 1136 3421 eorum
1155 3366 1272 3428 sociem

151 3455 251 3523 quibus
266 3474 350 3525 snpra
369 3453 457 3511 desinis
476 3455 606 3511 vocabuli
625 3456 828 3525 correptionem
846 3453 1027 3525 probavimus
1045 3469 1192 3524 pcxxxrr
1210 3448 1272 3527 [llll

150 3544 206 3598 tria
225 3545 354 3613 exempla
372 3545 463 3613 prima
482 3545 629 3600 eximenda
647 3544 759 3614 inerint,
777 3546 809 3598 ut
827 3541 1024 3599 necessitatem
1042 3560 1100 3599 non
1119 3544 1245 3599 habentis

222 3632 264 3701 **)
284 3632 394 3688 Nedum
413 3638 444 3688 ut
463 3634 655 3703 monosyllaba
674 3650 734 3689 esse
752 3650 868 3702 nepos,
891 3637 989 3701 royut
1008 3634 1037 3686 et
1056 3632 1162 3687 similia
1179 3630 1264 3702 possint

150 3738 223 3789 qnae
247 3722 383 3790 liquidam
404 3731 459 3778 n'on
483 3723 611 3779 habeant.
656 3723 699 3777 Ita
718 3721 892 3776 Menaechm.
911 3719 946 3786 V,
970 3725 996 3788 7,
1015 3726 1049 3775 39
1073 3718 1261 3791 transpositione

152 3828 221 3879 opus
241 3827 299 3865 esse
319 3811 375 3865 iam
391 3812 507 3866 Bothius
526 3812 675 3882 perspexit,
694 3828 864 3880 quamquam
881 3826 938 3864 non
951 3826 1015 3864 cum
1034 3809 1085 3865 illo
1103 3812 1129 3865 ει
1147 3816 1214 3864 tuum
1228 3817 1260 3858 os

151 3915 234 3967 nepus
252 3916 292 3953 me
310 3900 504 3954 collocandum
524 3903 575 3968 est,
594 3901 643 3954 aad
662 3901 717 3955 arti
737 3898 933 3954 convenienter

259 3989 304 4042 Sic
324 3987 382 4042 sine
400 3988 495 4058 igitur,
515 3992 539 4042 si
556 4006 639 4060 nepus
659 4006 703 4044 mc
723 3990 803 4042 tuum
822 4005 890 4058 csse,
909 3990 987 4046 abire
1007 3989 1136 4045 liberum.

151 4078 242 4149 Magis
261 4077 368 4133 turbati
387 4094 482 4132 versus
502 4078 581 4147 Capt.
601 4093 646 4146 111,
666 4084 691 4146 4,
711 4083 745 4130 39
763 4076 859 4131 nescio
878 4094 916 4132 an
935 4077 974 4133 sic
993 4077 1221 4133 reconcinnentur:

258 4167 318 4221 Te'n
332 4183 415 4235 nepas
430 4167 590 4235 Tyndarum
609 4175 687 4222 csse?
703 4199 736 4207 -
752 4166 832 4236 Nego
851 4183 912 4237 ego.
928 4199 960 4207 —
981 4168 1044 4223 'ltin
1063 4172 1092 4225 tc
1110 4162 1255 4222 Pallante

950 4258 1011 4312 esse
1028 4257 1089 4312 aie?
1104 4288 1135 4297 -

259 4330 319 4415 ligo
338 4360 405 4398 uero
424 4344 546 4413 inquam.
569 4376 600 4384 -
621 4345 700 4400 Trina
719 4345 785 4399 huic
803 4344 913 4400 credis?
931 4362 951 4402 e.
971 4365 996 4416 p.
1014 4362 1035 4401 a.

152 4434 283 4489 Pseudnli
303 4435 323 4503 l,
343 4442 367 4502 3,
387 4439 421 4487 60
432 4449 472 4501 sq.
492 4436 568 4489 recte
586 4433 643 4488 iam
662 4432 803 4488 ordinavit
824 4433 950 4490 Bothius.
974 4433 1110 4491 bedentis
1133 4432 1208 4487 suem
1221 4412 1250 4479 ll.
