<?xml version="1.0" encoding="UTF-8"?>
<!DOCTYPE html PUBLIC "-//W3C//DTD XHTML 1.0 Transitional//EN"
    "http://www.w3.org/TR/xhtml1/DTD/xhtml1-transitional.dtd">
<html xmlns="http://www.w3.org/1999/xhtml" xml:lang="en" lang="en">
 <head>
  <title>
</title>
<meta http-equiv="Content-Type" content="text/html;charset=utf-8" />
  <meta name='ocr-system' content='tesseract 3.04.00' />
  <meta name='ocr-capabilities' content='ocr_page ocr_carea ocr_par ocr_line ocrx_word'/>
</head>
<body>
  <div class='ocr_page' id='page_1' title='image "./fridericiritsch00ritsgoog_0527.png"; bbox 0 0 2836 5034; ppageno 0'>
   <div class='ocr_carea' id='block_1_1' title="bbox 437 312 1265 374">
    <p class='ocr_par' dir='ltr' id='par_1_1' title="bbox 437 312 1265 374">
     <span class='ocr_line' id='line_1_1' title="bbox 437 312 1265 374; baseline 0 -1"><span class='ocrx_word' id='word_1_1' title='bbox 437 324 703 374; x_wconf 74' lang='lat' dir='ltr'>auunomroms</span> <span class='ocrx_word' id='word_1_2' title='bbox 728 326 934 373; x_wconf 71' lang='lat' dir='ltr'>rrnvrruaa.</span> <span class='ocrx_word' id='word_1_3' title='bbox 1199 312 1265 374; x_wconf 66' lang='lat' dir='ltr'>{illo</span> 
     </span>
    </p>
   </div>
   <div class='ocr_carea' id='block_1_2' title="bbox 134 468 1266 1733">
    <p class='ocr_par' dir='ltr' id='par_1_2' title="bbox 134 468 1266 1733">
     <span class='ocr_line' id='line_1_2' title="bbox 212 468 1266 561; baseline 0.002 -29"><span class='ocrx_word' id='word_1_4' title='bbox 212 468 425 553; x_wconf 74' lang='lat' dir='ltr'><strong>Posteaquam</strong></span> <span class='ocrx_word' id='word_1_5' title='bbox 454 469 573 553; x_wconf 87' lang='lat' dir='ltr'>dactyli</span> <span class='ocrx_word' id='word_1_6' title='bbox 605 470 636 533; x_wconf 91' lang='lat' dir='ltr'>in</span> <span class='ocrx_word' id='word_1_7' title='bbox 666 469 840 533; x_wconf 79' lang='lat' dir='ltr'>trochaicis</span> <span class='ocrx_word' id='word_1_8' title='bbox 870 491 963 533; x_wconf 91' lang='lat' dir='ltr'>usum</span> <span class='ocrx_word' id='word_1_9' title='bbox 988 470 1105 534; x_wconf 88' lang='lat' dir='ltr'>sicuti</span> <span class='ocrx_word' id='word_1_10' title='bbox 1130 469 1190 534; x_wconf 86' lang='lat' dir='ltr'>feci</span> <span class='ocrx_word' id='word_1_11' title='bbox 1215 493 1266 561; x_wconf 82' lang='lat' dir='ltr'>ex·</span> 
     </span>
     <span class='ocr_line' id='line_1_3' title="bbox 146 575 1265 661; baseline 0.002 -22"><span class='ocrx_word' id='word_1_12' title='bbox 146 575 252 657; x_wconf 77' lang='lat' dir='ltr'><strong>plicavi,</strong></span> <span class='ocrx_word' id='word_1_13' title='bbox 284 578 319 639; x_wconf 86' lang='lat' dir='ltr'>et</span> <span class='ocrx_word' id='word_1_14' title='bbox 345 575 474 660; x_wconf 86' lang='lat' dir='ltr'>planius</span> <span class='ocrx_word' id='word_1_15' title='bbox 504 583 537 640; x_wconf 85' lang='lat' dir='ltr'>et</span> <span class='ocrx_word' id='word_1_16' title='bbox 564 577 692 660; x_wconf 84' lang='lat' dir='ltr'>plenius</span> <span class='ocrx_word' id='word_1_17' title='bbox 721 581 925 661; x_wconf 89' lang='lat' dir='ltr'>perspectum</span> <span class='ocrx_word' id='word_1_18' title='bbox 954 577 994 641; x_wconf 91' lang='lat' dir='ltr'>iri</span> <span class='ocrx_word' id='word_1_19' title='bbox 1017 581 1097 661; x_wconf 86' lang='lat' dir='ltr'>puto</span> <span class='ocrx_word' id='word_1_20' title='bbox 1121 599 1202 660; x_wconf 84' lang='lat' dir='ltr'>quac</span> <span class='ocrx_word' id='word_1_21' title='bbox 1226 577 1265 641; x_wconf 88' lang='lat' dir='ltr'>de</span> 
     </span>
     <span class='ocr_line' id='line_1_4' title="bbox 146 682 1264 769; baseline 0.005 -26"><span class='ocrx_word' id='word_1_22' title='bbox 146 682 320 767; x_wconf 80' lang='lat' dir='ltr'><strong>anapaesti</strong></span> <span class='ocrx_word' id='word_1_23' title='bbox 344 682 378 746; x_wconf 91' lang='lat' dir='ltr'>iu</span> <span class='ocrx_word' id='word_1_24' title='bbox 402 682 586 769; x_wconf 80' lang='lat' dir='ltr'>iambicis</span> <span class='ocrx_word' id='word_1_25' title='bbox 612 705 671 748; x_wconf 86' lang='lat' dir='ltr'>usu</span> <span class='ocrx_word' id='word_1_26' title='bbox 696 683 829 750; x_wconf 87' lang='lat' dir='ltr'>dicenda</span> <span class='ocrx_word' id='word_1_27' title='bbox 849 688 981 749; x_wconf 79' lang='lat' dir='ltr'>restant</span> <span class='ocrx_word' id='word_1_28' title='bbox 1015 684 1137 748; x_wconf 81' lang='lat' dir='ltr'><strong>Rursus</strong></span> <span class='ocrx_word' id='word_1_29' title='bbox 1157 688 1264 749; x_wconf 84' lang='lat' dir='ltr'>autem</span> 
     </span>
     <span class='ocr_line' id='line_1_5' title="bbox 145 782 1264 876; baseline 0.004 -27"><span class='ocrx_word' id='word_1_30' title='bbox 145 782 189 850; x_wconf 86' lang='lat' dir='ltr'>hac</span> <span class='ocrx_word' id='word_1_31' title='bbox 204 810 327 874; x_wconf 87' lang='lat' dir='ltr'>quoquc</span> <span class='ocrx_word' id='word_1_32' title='bbox 346 811 381 853; x_wconf 88' lang='lat' dir='ltr'>re</span> <span class='ocrx_word' id='word_1_33' title='bbox 400 790 536 854; x_wconf 87' lang='lat' dir='ltr'>mirifice</span> <span class='ocrx_word' id='word_1_34' title='bbox 555 790 760 875; x_wconf 87' lang='lat' dir='ltr'>comprobari</span> <span class='ocrx_word' id='word_1_35' title='bbox 779 790 1041 875; x_wconf 85' lang='lat' dir='ltr'>conformarique</span> <span class='ocrx_word' id='word_1_36' title='bbox 1060 791 1264 876; x_wconf 77' lang='lat' dir='ltr'>cognationis</span> 
     </span>
     <span class='ocr_line' id='line_1_6' title="bbox 145 895 1264 982; baseline 0.004 -24"><span class='ocrx_word' id='word_1_37' title='bbox 145 895 278 960; x_wconf 80' lang='lat' dir='ltr'>rationem</span> <span class='ocrx_word' id='word_1_38' title='bbox 313 895 403 960; x_wconf 87' lang='lat' dir='ltr'>illam</span> <span class='ocrx_word' id='word_1_39' title='bbox 437 898 575 980; x_wconf 89' lang='lat' dir='ltr'>senties,</span> <span class='ocrx_word' id='word_1_40' title='bbox 612 920 710 982; x_wconf 89' lang='lat' dir='ltr'>qnam</span> <span class='ocrx_word' id='word_1_41' title='bbox 744 919 813 982; x_wconf 87' lang='lat' dir='ltr'>cap.</span> <span class='ocrx_word' id='word_1_42' title='bbox 836 896 896 962; x_wconf 85' lang='lat' dir='ltr'>XV</span> <span class='ocrx_word' id='word_1_43' title='bbox 930 897 1148 963; x_wconf 82' lang='lat' dir='ltr'>demonstravi</span> <span class='ocrx_word' id='word_1_44' title='bbox 1180 899 1264 963; x_wconf 92' lang='lat' dir='ltr'>inter</span> 
     </span>
     <span class='ocr_line' id='line_1_7' title="bbox 143 992 1262 1089; baseline 0.004 -24"><span class='ocrx_word' id='word_1_45' title='bbox 143 992 291 1068; x_wconf 78' lang='lat' dir='ltr'>iambicum</span> <span class='ocrx_word' id='word_1_46' title='bbox 321 1004 484 1068; x_wconf 88' lang='lat' dir='ltr'>senarium</span> <span class='ocrx_word' id='word_1_47' title='bbox 513 1005 796 1089; x_wconf 82' lang='lat' dir='ltr'>septenariumquc</span> <span class='ocrx_word' id='word_1_48' title='bbox 824 1004 1026 1070; x_wconf 87' lang='lat' dir='ltr'>trochaicum</span> <span class='ocrx_word' id='word_1_49' title='bbox 1055 1005 1262 1071; x_wconf 79' lang='lat' dir='ltr'>intercedere.</span> 
     </span>
     <span class='ocr_line' id='line_1_8' title="bbox 142 1101 1263 1196; baseline 0.005 -26"><span class='ocrx_word' id='word_1_50' title='bbox 142 1101 273 1175; x_wconf 76' lang='lat' dir='ltr'>discisso</span> <span class='ocrx_word' id='word_1_51' title='bbox 307 1111 395 1175; x_wconf 89' lang='lat' dir='ltr'>enim</span> <span class='ocrx_word' id='word_1_52' title='bbox 428 1111 604 1195; x_wconf 85' lang='lat' dir='ltr'>septenarii</span> <span class='ocrx_word' id='word_1_53' title='bbox 638 1112 759 1195; x_wconf 86' lang='lat' dir='ltr'>capite,</span> <span class='ocrx_word' id='word_1_54' title='bbox 796 1111 880 1196; x_wconf 93' lang='lat' dir='ltr'>quod</span> <span class='ocrx_word' id='word_1_55' title='bbox 918 1112 1034 1176; x_wconf 89' lang='lat' dir='ltr'>cretico</span> <span class='ocrx_word' id='word_1_56' title='bbox 1067 1111 1263 1196; x_wconf 74' lang='lat' dir='ltr'>continetur,</span> 
     </span>
     <span class='ocr_line' id='line_1_9' title="bbox 139 1217 1262 1303; baseline 0.004 -24"><span class='ocrx_word' id='word_1_57' title='bbox 139 1230 203 1299; x_wconf 80' lang='lat' dir='ltr'>quae</span> <span class='ocrx_word' id='word_1_58' title='bbox 223 1217 418 1303; x_wconf 89' lang='lat' dir='ltr'>relinquitur</span> <span class='ocrx_word' id='word_1_59' title='bbox 440 1239 516 1301; x_wconf 88' lang='lat' dir='ltr'>pare</span> <span class='ocrx_word' id='word_1_60' title='bbox 536 1217 699 1282; x_wconf 87' lang='lat' dir='ltr'>senarium</span> <span class='ocrx_word' id='word_1_61' title='bbox 719 1239 869 1303; x_wconf 86' lang='lat' dir='ltr'>aequans,</span> <span class='ocrx_word' id='word_1_62' title='bbox 892 1218 925 1282; x_wconf 90' lang='lat' dir='ltr'>in</span> <span class='ocrx_word' id='word_1_63' title='bbox 944 1240 991 1301; x_wconf 89' lang='lat' dir='ltr'>ea,</span> <span class='ocrx_word' id='word_1_64' title='bbox 1014 1240 1096 1302; x_wconf 88' lang='lat' dir='ltr'>quae</span> <span class='ocrx_word' id='word_1_65' title='bbox 1115 1217 1262 1303; x_wconf 80' lang='lat' dir='ltr'>legitima</span> 
     </span>
     <span class='ocr_line' id='line_1_10' title="bbox 134 1324 1262 1410; baseline 0.005 -26"><span class='ocrx_word' id='word_1_66' title='bbox 134 1336 278 1388; x_wconf 81' lang='lat' dir='ltr'>caesura</span> <span class='ocrx_word' id='word_1_67' title='bbox 307 1326 482 1409; x_wconf 83' lang='lat' dir='ltr'>septenarii</span> <span class='ocrx_word' id='word_1_68' title='bbox 506 1325 582 1409; x_wconf 85' lang='lat' dir='ltr'>fuit,</span> <span class='ocrx_word' id='word_1_69' title='bbox 611 1324 759 1410; x_wconf 80' lang='lat' dir='ltr'>legitima</span> <span class='ocrx_word' id='word_1_70' title='bbox 787 1326 825 1388; x_wconf 83' lang='lat' dir='ltr'>fit</span> <span class='ocrx_word' id='word_1_71' title='bbox 851 1325 1177 1410; x_wconf 83' lang='lat' dir='ltr'>penthemimeres</span> <span class='ocrx_word' id='word_1_72' title='bbox 1206 1349 1262 1390; x_wconf 92' lang='lat' dir='ltr'>se·</span> 
     </span>
     <span class='ocr_line' id='line_1_11' title="bbox 134 1430 1263 1518; baseline 0.003 -24"><span class='ocrx_word' id='word_1_73' title='bbox 134 1430 233 1513; x_wconf 72' lang='lat' dir='ltr'>larii,</span> <span class='ocrx_word' id='word_1_74' title='bbox 261 1432 340 1495; x_wconf 82' lang='lat' dir='ltr'>item</span> <span class='ocrx_word' id='word_1_75' title='bbox 364 1454 445 1517; x_wconf 90' lang='lat' dir='ltr'>qnae</span> <span class='ocrx_word' id='word_1_76' title='bbox 469 1432 630 1517; x_wconf 82' lang='lat' dir='ltr'>bisyllaba</span> <span class='ocrx_word' id='word_1_77' title='bbox 653 1432 755 1497; x_wconf 87' lang='lat' dir='ltr'>thesis</span> <span class='ocrx_word' id='word_1_78' title='bbox 779 1433 812 1496; x_wconf 93' lang='lat' dir='ltr'>iu</span> <span class='ocrx_word' id='word_1_79' title='bbox 836 1436 951 1518; x_wconf 83' lang='lat' dir='ltr'>quarto</span> <span class='ocrx_word' id='word_1_80' title='bbox 975 1432 1055 1516; x_wconf 88' lang='lat' dir='ltr'>pede</span> <span class='ocrx_word' id='word_1_81' title='bbox 1079 1433 1263 1517; x_wconf 83' lang='lat' dir='ltr'>septenarii,</span> 
     </span>
     <span class='ocr_line' id='line_1_12' title="bbox 134 1532 1262 1624; baseline 0.003 -21"><span class='ocrx_word' id='word_1_82' title='bbox 134 1532 280 1624; x_wconf 73' lang='lat' dir='ltr'>lisyllaba</span> <span class='ocrx_word' id='word_1_83' title='bbox 304 1539 471 1604; x_wconf 88' lang='lat' dir='ltr'>anacrusis</span> <span class='ocrx_word' id='word_1_84' title='bbox 495 1539 527 1604; x_wconf 93' lang='lat' dir='ltr'>in</span> <span class='ocrx_word' id='word_1_85' title='bbox 551 1539 648 1604; x_wconf 92' lang='lat' dir='ltr'>tertio</span> <span class='ocrx_word' id='word_1_86' title='bbox 668 1539 785 1604; x_wconf 87' lang='lat' dir='ltr'>senarii</span> <span class='ocrx_word' id='word_1_87' title='bbox 805 1539 894 1624; x_wconf 87' lang='lat' dir='ltr'>pede.</span> <span class='ocrx_word' id='word_1_88' title='bbox 925 1538 1017 1616; x_wconf 88' lang='lat' dir='ltr'>Quod</span> <span class='ocrx_word' id='word_1_89' title='bbox 1037 1539 1166 1624; x_wconf 92' lang='lat' dir='ltr'>quidem</span> <span class='ocrx_word' id='word_1_90' title='bbox 1185 1540 1262 1606; x_wconf 87' lang='lat' dir='ltr'>licet</span> 
     </span>
     <span class='ocr_line' id='line_1_13' title="bbox 134 1646 506 1733; baseline 0.003 -23"><span class='ocrx_word' id='word_1_91' title='bbox 134 1667 178 1711; x_wconf 82' lang='lat' dir='ltr'>uc</span> <span class='ocrx_word' id='word_1_92' title='bbox 200 1646 306 1733; x_wconf 83' lang='lat' dir='ltr'>figura</span> <span class='ocrx_word' id='word_1_93' title='bbox 330 1646 506 1711; x_wconf 89' lang='lat' dir='ltr'>declarare:</span> 
     </span>
    </p>
   </div>
   <div class='ocr_carea' id='block_1_3' title="bbox 134 1908 1260 2249">
    <p class='ocr_par' dir='ltr' id='par_1_3' title="bbox 134 1908 1260 2249">
     <span class='ocr_line' id='line_1_14' title="bbox 530 1908 779 2003; baseline 0.008 -2"><span class='ocrx_word' id='word_1_94' title='bbox 530 1908 532 2001; x_wconf 90' lang='lat' dir='ltr'>l</span> <span class='ocrx_word' id='word_1_95' title='bbox 773 1986 779 2003; x_wconf 79' lang='grc'><em>,</em></span> 
     </span>
     <span class='ocr_line' id='line_1_15' title="bbox 531 2046 969 2102; baseline 0 -15"><span class='ocrx_word' id='word_1_96' title='bbox 531 2046 661 2102; x_wconf 49' lang='lat' dir='ltr'>lule)-</span> <span class='ocrx_word' id='word_1_97' title='bbox 692 2062 711 2088; x_wconf 78' lang='grc' dir='ltr'><strong>υ</strong></span> <span class='ocrx_word' id='word_1_98' title='bbox 765 2056 969 2088; x_wconf 46' lang='lat' dir='ltr'>Lammina-</span> 
     </span>
     <span class='ocr_line' id='line_1_16' title="bbox 134 2162 1260 2249; baseline -0.001 -22"><span class='ocrx_word' id='word_1_99' title='bbox 134 2163 296 2249; x_wconf 74' lang='lat' dir='ltr'>agitimae</span> <span class='ocrx_word' id='word_1_100' title='bbox 320 2168 428 2227; x_wconf 89' lang='lat' dir='ltr'>autem</span> <span class='ocrx_word' id='word_1_101' title='bbox 451 2184 651 2246; x_wconf 90' lang='lat' dir='ltr'>caesurae,</span> <span class='ocrx_word' id='word_1_102' title='bbox 680 2167 716 2227; x_wconf 90' lang='lat' dir='ltr'>nt</span> <span class='ocrx_word' id='word_1_103' title='bbox 740 2162 815 2227; x_wconf 90' lang='lat' dir='ltr'>hinc</span> <span class='ocrx_word' id='word_1_104' title='bbox 838 2163 960 2247; x_wconf 88' lang='lat' dir='ltr'>ordiar,</span> <span class='ocrx_word' id='word_1_105' title='bbox 989 2162 1260 2247; x_wconf 87' lang='lat' dir='ltr'>quemadmodum</span> 
     </span>
    </p>
   </div>
   <div class='ocr_carea' id='block_1_4' title="bbox 134 2268 1260 2461">
    <p class='ocr_par' dir='ltr' id='par_1_4' title="bbox 134 2268 1260 2461">
     <span class='ocr_line' id='line_1_17' title="bbox 134 2268 1260 2354; baseline -0.004 -17"><span class='ocrx_word' id='word_1_106' title='bbox 134 2268 252 2337; x_wconf 68' lang='lat' dir='ltr'>iuriae</span> <span class='ocrx_word' id='word_1_107' title='bbox 278 2269 480 2354; x_wconf 83' lang='lat' dir='ltr'>septenarius</span> <span class='ocrx_word' id='word_1_108' title='bbox 505 2291 559 2333; x_wconf 88' lang='lat' dir='ltr'>eas</span> <span class='ocrx_word' id='word_1_109' title='bbox 583 2269 715 2352; x_wconf 77' lang='lat' dir='ltr'>ascivit,</span> <span class='ocrx_word' id='word_1_110' title='bbox 739 2291 821 2354; x_wconf 88' lang='lat' dir='ltr'>quae</span> <span class='ocrx_word' id='word_1_111' title='bbox 844 2270 885 2333; x_wconf 92' lang='lat' dir='ltr'>ab</span> <span class='ocrx_word' id='word_1_112' title='bbox 910 2274 1045 2353; x_wconf 85' lang='lat' dir='ltr'>utraque</span> <span class='ocrx_word' id='word_1_113' title='bbox 1069 2272 1161 2354; x_wconf 83' lang='lat' dir='ltr'>parte</span> <span class='ocrx_word' id='word_1_114' title='bbox 1184 2269 1260 2333; x_wconf 82' lang='lat' dir='ltr'>rici·</span> 
     </span>
     <span class='ocr_line' id='line_1_18' title="bbox 134 2375 1260 2461; baseline -0.002 -19"><span class='ocrx_word' id='word_1_115' title='bbox 134 2400 173 2443; x_wconf 72' lang='lat' dir='ltr'>aa</span> <span class='ocrx_word' id='word_1_116' title='bbox 196 2378 248 2442; x_wconf 93' lang='lat' dir='ltr'>illi</span> <span class='ocrx_word' id='word_1_117' title='bbox 273 2378 364 2441; x_wconf 88' lang='lat' dir='ltr'>sedes</span> <span class='ocrx_word' id='word_1_118' title='bbox 389 2380 595 2461; x_wconf 86' lang='lat' dir='ltr'>occuparent,</span> <span class='ocrx_word' id='word_1_119' title='bbox 617 2377 665 2441; x_wconf 87' lang='lat' dir='ltr'>ita</span> <span class='ocrx_word' id='word_1_120' title='bbox 687 2375 820 2441; x_wconf 90' lang='lat' dir='ltr'>eandem</span> <span class='ocrx_word' id='word_1_121' title='bbox 844 2376 1001 2441; x_wconf 87' lang='lat' dir='ltr'>rationem</span> <span class='ocrx_word' id='word_1_122' title='bbox 1022 2375 1169 2441; x_wconf 85' lang='lat' dir='ltr'>senarius</span> <span class='ocrx_word' id='word_1_123' title='bbox 1188 2398 1260 2440; x_wconf 89' lang='lat' dir='ltr'>cum</span> 
     </span>
    </p>
   </div>
   <div class='ocr_carea' id='block_1_5' title="bbox 134 2481 1309 2676">
    <p class='ocr_par' dir='ltr' id='par_1_5' title="bbox 134 2481 1309 2676">
     <span class='ocr_line' id='line_1_19' title="bbox 134 2481 1261 2570; baseline -0.004 -19"><span class='ocrx_word' id='word_1_124' title='bbox 134 2484 224 2570; x_wconf 85' lang='lat' dir='ltr'>liquo</span> <span class='ocrx_word' id='word_1_125' title='bbox 252 2488 511 2569; x_wconf 87' lang='lat' dir='ltr'>temperamento</span> <span class='ocrx_word' id='word_1_126' title='bbox 540 2489 669 2548; x_wconf 83' lang='lat' dir='ltr'>secutus</span> <span class='ocrx_word' id='word_1_127' title='bbox 698 2489 762 2567; x_wconf 89' lang='lat' dir='ltr'>est,</span> <span class='ocrx_word' id='word_1_128' title='bbox 795 2482 879 2568; x_wconf 91' lang='lat' dir='ltr'>quod</span> <span class='ocrx_word' id='word_1_129' title='bbox 910 2506 947 2547; x_wconf 83' lang='lat' dir='ltr'>ex</span> <span class='ocrx_word' id='word_1_130' title='bbox 976 2484 1047 2567; x_wconf 90' lang='lat' dir='ltr'>ipsa</span> <span class='ocrx_word' id='word_1_131' title='bbox 1075 2481 1261 2547; x_wconf 86' lang='lat' dir='ltr'>diversitate</span> 
     </span>
     <span class='ocr_line' id='line_1_20' title="bbox 134 2590 1309 2676; baseline 0 -19"><span class='ocrx_word' id='word_1_132' title='bbox 134 2592 284 2676; x_wconf 79' lang='lat' dir='ltr'>trinaque</span> <span class='ocrx_word' id='word_1_133' title='bbox 309 2614 420 2654; x_wconf 79' lang='lat' dir='ltr'>uersus</span> <span class='ocrx_word' id='word_1_134' title='bbox 445 2593 679 2655; x_wconf 85' lang='lat' dir='ltr'>consectarium</span> <span class='ocrx_word' id='word_1_135' title='bbox 704 2592 774 2656; x_wconf 83' lang='lat' dir='ltr'>fuit.</span> <span class='ocrx_word' id='word_1_136' title='bbox 808 2592 890 2656; x_wconf 86' lang='lat' dir='ltr'>Nam</span> <span class='ocrx_word' id='word_1_137' title='bbox 917 2614 987 2654; x_wconf 86' lang='lat' dir='ltr'>cum</span> <span class='ocrx_word' id='word_1_138' title='bbox 1013 2597 1087 2655; x_wconf 89' lang='lat' dir='ltr'>aute</span> <span class='ocrx_word' id='word_1_139' title='bbox 1112 2590 1260 2674; x_wconf 88' lang='lat' dir='ltr'>semiqui·</span> <span class='ocrx_word' id='word_1_140' title='bbox 1305 2651 1309 2657; x_wconf 81' lang='grc'><strong>.</strong></span> 
     </span>
    </p>
   </div>
   <div class='ocr_carea' id='block_1_6' title="bbox 134 2697 1259 2888">
    <p class='ocr_par' dir='ltr' id='par_1_6' title="bbox 134 2697 1259 2888">
     <span class='ocr_line' id='line_1_21' title="bbox 134 2697 1259 2784; baseline -0.004 -19"><span class='ocrx_word' id='word_1_141' title='bbox 134 2701 240 2765; x_wconf 69' lang='lat' dir='ltr'>iuriam</span> <span class='ocrx_word' id='word_1_142' title='bbox 272 2700 353 2762; x_wconf 84' lang='lat' dir='ltr'>nihil</span> <span class='ocrx_word' id='word_1_143' title='bbox 381 2699 552 2784; x_wconf 88' lang='lat' dir='ltr'>impediret</span> <span class='ocrx_word' id='word_1_144' title='bbox 577 2701 749 2784; x_wconf 81' lang='lat' dir='ltr'>quominus</span> <span class='ocrx_word' id='word_1_145' title='bbox 778 2722 910 2764; x_wconf 82' lang='lat' dir='ltr'>caesura</span> <span class='ocrx_word' id='word_1_146' title='bbox 938 2705 1027 2782; x_wconf 86' lang='lat' dir='ltr'>post</span> <span class='ocrx_word' id='word_1_147' title='bbox 1056 2697 1259 2762; x_wconf 86' lang='lat' dir='ltr'>secundum</span> 
     </span>
     <span class='ocr_line' id='line_1_22' title="bbox 135 2808 438 2888; baseline -0.003 -17"><span class='ocrx_word' id='word_1_148' title='bbox 135 2808 284 2871; x_wconf 77' lang='lat' dir='ltr'>ambnm</span> <span class='ocrx_word' id='word_1_149' title='bbox 311 2808 438 2888; x_wconf 10' lang='lat' dir='ltr'>fieretzp</span> 
     </span>
    </p>
   </div>
   <div class='ocr_carea' id='block_1_7' title="bbox 134 2949 1410 4227">
    <p class='ocr_par' dir='ltr' id='par_1_7' title="bbox 134 2949 1410 4227">
     <span class='ocr_line' id='line_1_23' title="bbox 528 2949 825 3014; baseline 0 -16"><span class='ocrx_word' id='word_1_150' title='bbox 528 2949 595 3014; x_wconf 60' lang='lat' dir='ltr'>llo:</span> <span class='ocrx_word' id='word_1_151' title='bbox 678 2953 681 2967; x_wconf 89' lang='grc'><strong>“</strong></span> <span class='ocrx_word' id='word_1_152' title='bbox 738 2972 765 2995; x_wconf 55' lang='grc' dir='ltr'>π</span> <span class='ocrx_word' id='word_1_153' title='bbox 823 2984 825 2991; x_wconf 72' lang='lat'>‚</span> 
     </span>
     <span class='ocr_line' id='line_1_24' title="bbox 134 3072 1262 3158; baseline -0.001 -21"><span class='ocrx_word' id='word_1_154' title='bbox 134 3072 226 3137; x_wconf 76' lang='lat' dir='ltr'>lumen</span> <span class='ocrx_word' id='word_1_155' title='bbox 261 3074 347 3137; x_wconf 87' lang='lat' dir='ltr'>idem</span> <span class='ocrx_word' id='word_1_156' title='bbox 384 3097 443 3138; x_wconf 91' lang='lat' dir='ltr'>una</span> <span class='ocrx_word' id='word_1_157' title='bbox 477 3082 549 3157; x_wconf 89' lang='lat' dir='ltr'>post</span> <span class='ocrx_word' id='word_1_158' title='bbox 579 3075 669 3138; x_wconf 85' lang='lat' dir='ltr'>illam</span> <span class='ocrx_word' id='word_1_159' title='bbox 698 3075 826 3158; x_wconf 87' lang='lat' dir='ltr'>syllaba</span> <span class='ocrx_word' id='word_1_160' title='bbox 854 3076 921 3140; x_wconf 90' lang='lat' dir='ltr'>lieri</span> <span class='ocrx_word' id='word_1_161' title='bbox 953 3077 1036 3138; x_wconf 87' lang='lat' dir='ltr'>ratio</span> <span class='ocrx_word' id='word_1_162' title='bbox 1065 3075 1168 3137; x_wconf 62' lang='lat' dir='ltr'>virtuit</span> <span class='ocrx_word' id='word_1_163' title='bbox 1198 3097 1262 3158; x_wconf 89' lang='lat' dir='ltr'>qua</span> 
     </span>
     <span class='ocr_line' id='line_1_25' title="bbox 134 3179 1261 3266; baseline -0.003 -21"><span class='ocrx_word' id='word_1_164' title='bbox 134 3196 323 3245; x_wconf 75' lang='lat' dir='ltr'>laesurarum</span> <span class='ocrx_word' id='word_1_165' title='bbox 344 3182 550 3246; x_wconf 85' lang='lat' dir='ltr'>stichicarum</span> <span class='ocrx_word' id='word_1_166' title='bbox 570 3181 659 3251; x_wconf 88' lang='lat' dir='ltr'>(nam</span> <span class='ocrx_word' id='word_1_167' title='bbox 678 3182 717 3245; x_wconf 91' lang='lat' dir='ltr'>de</span> <span class='ocrx_word' id='word_1_168' title='bbox 737 3182 860 3266; x_wconf 88' lang='lat' dir='ltr'>podicis</span> <span class='ocrx_word' id='word_1_169' title='bbox 881 3205 962 3245; x_wconf 86' lang='lat' dir='ltr'>nune</span> <span class='ocrx_word' id='word_1_170' title='bbox 985 3205 1046 3246; x_wconf 92' lang='lat' dir='ltr'>non</span> <span class='ocrx_word' id='word_1_171' title='bbox 1067 3179 1196 3264; x_wconf 83' lang='lat' dir='ltr'>loquor)</span> <span class='ocrx_word' id='word_1_172' title='bbox 1217 3181 1261 3243; x_wconf 91' lang='lat' dir='ltr'>in-</span> 
     </span>
     <span class='ocr_line' id='line_1_26' title="bbox 134 3287 1262 3371; baseline -0.002 -19"><span class='ocrx_word' id='word_1_173' title='bbox 134 3287 269 3353; x_wconf 71' lang='lat' dir='ltr'>uturum</span> <span class='ocrx_word' id='word_1_174' title='bbox 295 3311 390 3352; x_wconf 91' lang='lat' dir='ltr'>omne</span> <span class='ocrx_word' id='word_1_175' title='bbox 416 3290 546 3371; x_wconf 76' lang='lat' dir='ltr'>regitur.</span> <span class='ocrx_word' id='word_1_176' title='bbox 593 3290 714 3364; x_wconf 85' lang='lat' dir='ltr'>Quibus</span> <span class='ocrx_word' id='word_1_177' title='bbox 744 3312 813 3354; x_wconf 91' lang='lat' dir='ltr'>cnm</span> <span class='ocrx_word' id='word_1_178' title='bbox 846 3290 875 3352; x_wconf 90' lang='lat' dir='ltr'>id</span> <span class='ocrx_word' id='word_1_179' title='bbox 902 3289 1052 3371; x_wconf 80' lang='lat' dir='ltr'>consequi</span> <span class='ocrx_word' id='word_1_180' title='bbox 1078 3311 1131 3351; x_wconf 80' lang='lat' dir='ltr'>ars</span> <span class='ocrx_word' id='word_1_181' title='bbox 1156 3288 1262 3367; x_wconf 83' lang='lat' dir='ltr'>vellet,</span> 
     </span>
     <span class='ocr_line' id='line_1_27' title="bbox 134 3395 1410 3480; baseline 0.001 -25"><span class='ocrx_word' id='word_1_182' title='bbox 134 3395 362 3480; x_wconf 81' lang='lat' dir='ltr'>ulongiorum</span> <span class='ocrx_word' id='word_1_183' title='bbox 387 3396 561 3480; x_wconf 89' lang='lat' dir='ltr'>eodemque</span> <span class='ocrx_word' id='word_1_184' title='bbox 586 3419 719 3460; x_wconf 89' lang='lat' dir='ltr'>numero</span> <span class='ocrx_word' id='word_1_185' title='bbox 743 3397 981 3459; x_wconf 71' lang='lat' dir='ltr'>decurrentium</span> <span class='ocrx_word' id='word_1_186' title='bbox 1007 3417 1154 3459; x_wconf 78' lang='lat' dir='ltr'>versuum</span> <span class='ocrx_word' id='word_1_187' title='bbox 1181 3400 1260 3459; x_wconf 90' lang='lat' dir='ltr'>tam-</span> <span class='ocrx_word' id='word_1_188' title='bbox 1276 3418 1410 3457; x_wconf 75' lang='lat' dir='ltr'>orimum</span> 
     </span>
     <span class='ocr_line' id='line_1_28' title="bbox 134 3502 1260 3587; baseline -0.005 -21"><span class='ocrx_word' id='word_1_189' title='bbox 134 3508 209 3579; x_wconf 61' lang='lat' dir='ltr'>leam</span> <span class='ocrx_word' id='word_1_190' title='bbox 241 3502 349 3566; x_wconf 91' lang='lat' dir='ltr'>solido</span> <span class='ocrx_word' id='word_1_191' title='bbox 379 3525 513 3587; x_wconf 86' lang='lat' dir='ltr'>corpore</span> <span class='ocrx_word' id='word_1_192' title='bbox 541 3504 691 3568; x_wconf 85' lang='lat' dir='ltr'>bilariam</span> <span class='ocrx_word' id='word_1_193' title='bbox 722 3503 893 3568; x_wconf 85' lang='lat' dir='ltr'>articulato</span> <span class='ocrx_word' id='word_1_194' title='bbox 919 3503 1085 3566; x_wconf 85' lang='lat' dir='ltr'>varietatis</span> <span class='ocrx_word' id='word_1_195' title='bbox 1116 3503 1260 3566; x_wconf 72' lang='lat' dir='ltr'>suavitas</span> 
     </span>
     <span class='ocr_line' id='line_1_29' title="bbox 134 3608 1259 3692; baseline -0.004 -19"><span class='ocrx_word' id='word_1_196' title='bbox 134 3608 321 3673; x_wconf 71' lang='lat' dir='ltr'>lsimilibus</span> <span class='ocrx_word' id='word_1_197' title='bbox 342 3609 395 3672; x_wconf 92' lang='lat' dir='ltr'>sed</span> <span class='ocrx_word' id='word_1_198' title='bbox 416 3609 536 3673; x_wconf 88' lang='lat' dir='ltr'>eisdem</span> <span class='ocrx_word' id='word_1_199' title='bbox 556 3609 780 3692; x_wconf 83' lang='lat' dir='ltr'>inaequalibus</span> <span class='ocrx_word' id='word_1_200' title='bbox 802 3609 947 3691; x_wconf 86' lang='lat' dir='ltr'>partibus</span> <span class='ocrx_word' id='word_1_201' title='bbox 968 3613 1165 3672; x_wconf 69' lang='lat' dir='ltr'>numeretur:</span> <span class='ocrx_word' id='word_1_202' title='bbox 1190 3632 1259 3692; x_wconf 88' lang='lat' dir='ltr'>sep-</span> 
     </span>
     <span class='ocr_line' id='line_1_30' title="bbox 134 3715 1260 3800; baseline 0.001 -22"><span class='ocrx_word' id='word_1_203' title='bbox 134 3717 260 3780; x_wconf 85' lang='lat' dir='ltr'>euariue</span> <span class='ocrx_word' id='word_1_204' title='bbox 286 3715 432 3799; x_wconf 88' lang='lat' dir='ltr'>quidem,</span> <span class='ocrx_word' id='word_1_205' title='bbox 461 3716 575 3800; x_wconf 90' lang='lat' dir='ltr'>utqui</span> <span class='ocrx_word' id='word_1_206' title='bbox 600 3716 716 3800; x_wconf 88' lang='lat' dir='ltr'>impari</span> <span class='ocrx_word' id='word_1_207' title='bbox 741 3739 874 3780; x_wconf 88' lang='lat' dir='ltr'>numero</span> <span class='ocrx_word' id='word_1_208' title='bbox 899 3716 1100 3799; x_wconf 67' lang='lat' dir='ltr'>syllabarum</span> <span class='ocrx_word' id='word_1_209' title='bbox 1126 3719 1260 3791; x_wconf 84' lang='lat' dir='ltr'>constet,</span> 
     </span>
     <span class='ocr_line' id='line_1_31' title="bbox 135 3821 1261 3906; baseline -0.003 -19"><span class='ocrx_word' id='word_1_210' title='bbox 135 3823 227 3888; x_wconf 83' lang='lat' dir='ltr'>novis</span> <span class='ocrx_word' id='word_1_211' title='bbox 252 3823 325 3887; x_wconf 94' lang='lat' dir='ltr'>loco</span> <span class='ocrx_word' id='word_1_212' title='bbox 349 3821 449 3885; x_wconf 86' lang='lat' dir='ltr'>dividi</span> <span class='ocrx_word' id='word_1_213' title='bbox 475 3823 543 3887; x_wconf 86' lang='lat' dir='ltr'>eine</span> <span class='ocrx_word' id='word_1_214' title='bbox 568 3824 735 3887; x_wconf 88' lang='lat' dir='ltr'>varietatis</span> <span class='ocrx_word' id='word_1_215' title='bbox 760 3823 952 3886; x_wconf 81' lang='lat' dir='ltr'>detrimento</span> <span class='ocrx_word' id='word_1_216' title='bbox 977 3824 1092 3906; x_wconf 87' lang='lat' dir='ltr'>potuit,</span> <span class='ocrx_word' id='word_1_217' title='bbox 1116 3822 1261 3886; x_wconf 82' lang='lat' dir='ltr'>senarius</span> 
     </span>
     <span class='ocr_line' id='line_1_32' title="bbox 134 3929 1261 4014; baseline -0.003 -18"><span class='ocrx_word' id='word_1_218' title='bbox 134 3952 173 3996; x_wconf 85' lang='lat' dir='ltr'>uo</span> <span class='ocrx_word' id='word_1_219' title='bbox 205 3929 267 3994; x_wconf 93' lang='lat' dir='ltr'>illo</span> <span class='ocrx_word' id='word_1_220' title='bbox 295 3929 368 3992; x_wconf 89' lang='lat' dir='ltr'>loco</span> <span class='ocrx_word' id='word_1_221' title='bbox 397 3950 460 3992; x_wconf 89' lang='lat' dir='ltr'>uon</span> <span class='ocrx_word' id='word_1_222' title='bbox 494 3930 601 4012; x_wconf 87' lang='lat' dir='ltr'>potuit</span> <span class='ocrx_word' id='word_1_223' title='bbox 632 3930 685 4013; x_wconf 87' lang='lat' dir='ltr'>qui</span> <span class='ocrx_word' id='word_1_224' title='bbox 723 3929 887 4013; x_wconf 79' lang='lat' dir='ltr'>proximus</span> <span class='ocrx_word' id='word_1_225' title='bbox 921 3933 970 3992; x_wconf 83' lang='lat' dir='ltr'>ost</span> <span class='ocrx_word' id='word_1_226' title='bbox 1003 3934 1077 4012; x_wconf 83' lang='lat' dir='ltr'>poet</span> <span class='ocrx_word' id='word_1_227' title='bbox 1110 3930 1261 4014; x_wconf 79' lang='lat' dir='ltr'>semiqui-</span> 
     </span>
     <span class='ocr_line' id='line_1_33' title="bbox 134 4035 1259 4119; baseline -0.004 -16"><span class='ocrx_word' id='word_1_228' title='bbox 134 4038 238 4104; x_wconf 83' lang='lat' dir='ltr'>ariam</span> <span class='ocrx_word' id='word_1_229' title='bbox 274 4058 450 4100; x_wconf 85' lang='lat' dir='ltr'>caesuram.</span> <span class='ocrx_word' id='word_1_230' title='bbox 497 4035 603 4119; x_wconf 84' lang='lat' dir='ltr'>lgitur</span> <span class='ocrx_word' id='word_1_231' title='bbox 635 4036 696 4099; x_wconf 90' lang='lat' dir='ltr'>sibi</span> <span class='ocrx_word' id='word_1_232' title='bbox 731 4041 883 4099; x_wconf 82' lang='lat' dir='ltr'>constans</span> <span class='ocrx_word' id='word_1_233' title='bbox 917 4059 970 4099; x_wconf 86' lang='lat' dir='ltr'>are</span> <span class='ocrx_word' id='word_1_234' title='bbox 1004 4037 1042 4098; x_wconf 88' lang='lat' dir='ltr'>ad</span> <span class='ocrx_word' id='word_1_235' title='bbox 1079 4038 1259 4118; x_wconf 81' lang='lat' dir='ltr'>proximam</span> 
     </span>
     <span class='ocr_line' id='line_1_34' title="bbox 134 4142 1261 4227; baseline -0.005 -16"><span class='ocrx_word' id='word_1_236' title='bbox 134 4148 184 4212; x_wconf 80' lang='lat' dir='ltr'>&gt;st</span> <span class='ocrx_word' id='word_1_237' title='bbox 209 4142 307 4207; x_wconf 88' lang='lat' dir='ltr'>illam</span> <span class='ocrx_word' id='word_1_238' title='bbox 332 4142 491 4226; x_wconf 84' lang='lat' dir='ltr'>syllabam</span> <span class='ocrx_word' id='word_1_239' title='bbox 515 4163 689 4227; x_wconf 77' lang='lat' dir='ltr'>progressa</span> <span class='ocrx_word' id='word_1_240' title='bbox 713 4143 1077 4226; x_wconf 83' lang='lat' dir='ltr'>semiseptenariam</span> <span class='ocrx_word' id='word_1_241' title='bbox 1104 4144 1261 4225; x_wconf 86' lang='lat' dir='ltr'>probavit,</span> 
     </span>
    </p>
   </div>
   <div class='ocr_carea' id='block_1_8' title="bbox 134 4286 326 4300">
    <p class='ocr_par' dir='ltr' id='par_1_8' title="bbox 134 4286 326 4300">
     <span class='ocr_line' id='line_1_35' title="bbox 134 4286 326 4300; baseline -0.031 -2"><span class='ocrx_word' id='word_1_242' title='bbox 134 4286 326 4300; x_wconf 42' lang='grc' dir='ltr'>μμ.</span> 
     </span>
    </p>
   </div>
   <div class='ocr_carea' id='block_1_9' title="bbox 134 4352 1261 4514">
    <p class='ocr_par' dir='ltr' id='par_1_9' title="bbox 134 4352 1261 4514">
     <span class='ocr_line' id='line_1_36' title="bbox 134 4352 1261 4424; baseline -0.004 -12"><span class='ocrx_word' id='word_1_243' title='bbox 134 4360 149 4413; x_wconf 82' lang='lat'><strong>1</strong></span> <span class='ocrx_word' id='word_1_244' title='bbox 172 4356 278 4411; x_wconf 70' lang='lat' dir='ltr'>caera</span> <span class='ocrx_word' id='word_1_245' title='bbox 297 4368 373 4420; x_wconf 77' lang='lat' dir='ltr'>rope,</span> <span class='ocrx_word' id='word_1_246' title='bbox 388 4352 472 4418; x_wconf 73' lang='lat' dir='ltr'>trote,</span> <span class='ocrx_word' id='word_1_247' title='bbox 490 4353 563 4422; x_wconf 73' lang='lat' dir='ltr'>supe,</span> <span class='ocrx_word' id='word_1_248' title='bbox 583 4354 637 4407; x_wconf 82' lang='lat' dir='ltr'>lete</span> <span class='ocrx_word' id='word_1_249' title='bbox 655 4354 779 4408; x_wconf 79' lang='lat' dir='ltr'>scribone</span> <span class='ocrx_word' id='word_1_250' title='bbox 800 4355 1080 4424; x_wconf 80' lang='lat' dir='ltr'>proceleusmaticum</span> <span class='ocrx_word' id='word_1_251' title='bbox 1100 4358 1166 4421; x_wconf 79' lang='lat' dir='ltr'>rupe</span> <span class='ocrx_word' id='word_1_252' title='bbox 1185 4354 1261 4407; x_wconf 75' lang='lat' dir='ltr'>trahe</span> 
     </span>
     <span class='ocr_line' id='line_1_37' title="bbox 134 4443 785 4514; baseline -0.011 -10"><span class='ocrx_word' id='word_1_253' title='bbox 134 4448 206 4504; x_wconf 68' lang='lat' dir='ltr'>uita</span> <span class='ocrx_word' id='word_1_254' title='bbox 226 4458 319 4514; x_wconf 73' lang='lat' dir='ltr'>opera</span> <span class='ocrx_word' id='word_1_255' title='bbox 336 4458 355 4494; x_wconf 74' lang='lat' dir='ltr'>a</span> <span class='ocrx_word' id='word_1_256' title='bbox 373 4443 458 4511; x_wconf 81' lang='lat' dir='ltr'>poeta</span> <span class='ocrx_word' id='word_1_257' title='bbox 474 4443 632 4512; x_wconf 76' lang='lat' dir='ltr'>quaesitum</span> <span class='ocrx_word' id='word_1_258' title='bbox 652 4444 785 4514; x_wconf 81' lang='lat' dir='ltr'>putarit]</span> 
     </span>
    </p>
   </div>
   <div class='ocr_carea' id='block_1_10' title="bbox 0 0 1422 5034">
    <p class='ocr_par' dir='ltr' id='par_1_10' title="bbox 0 0 1422 5034">
     <span class='ocr_line' id='line_1_38' title="bbox 0 0 1422 5034; baseline 0 0"><span class='ocrx_word' id='word_1_259' title='bbox 0 0 1422 5034; x_wconf 95' lang='lat' dir='ltr'> </span> 
     </span>
    </p>
   </div>
  </div>
 </body>
</html>
