2886 5032
146 318 212 383 684
527 328 761 376 arramrscsa
785 327 915 374 sanan.

148 498 278 541 necesse
302 478 353 539 est
375 473 516 553 liberali
527 472 635 537 indole
658 473 728 556 ipse
752 470 859 535 fuerit.
905 469 1057 554 Eamque
1081 470 1205 535 indolis
1229 471 1306 534 libe

147 582 326 664 ralitatem,
357 579 385 642 si
410 600 520 642 verum
545 579 695 644 volumus
719 577 828 660 fateri,
855 598 915 660 per
939 575 1135 642 diuturnum
1160 577 1223 641 Ille
1248 579 1305 641 im·

147 688 273 773 perium
298 691 348 750 tot
372 689 501 770 tamque
525 684 698 749 luculentis
717 683 913 748 testimoniis
932 685 1166 767 comprobavit
1187 685 1222 749 in
1242 708 1306 749 om·

147 817 204 858 nes
228 798 338 878 partes
362 791 579 855 iustitutionis
604 790 750 874 publicae
774 790 978 874 patentibus,
1007 794 1047 855 ut
1069 789 1151 855 hinc
1176 792 1305 875 potissi·

147 920 236 962 mum
260 899 375 983 laudis,
399 898 539 981 virtutis,
562 897 728 962 felicitatis
752 901 820 961 tam
844 896 899 960 diu
922 896 956 961 in
970 895 1170 962 Borussiam
1191 899 1306 962 redun-

151 1004 259 1068 dantis
287 1026 352 1068 non
377 1004 571 1069 mediocrem
595 1008 722 1088 partem
746 1003 916 1069 universae
941 1023 1017 1069 vox*
1027 1002 1189 1088 Europae
1218 1027 1305 1091 repe

149 1111 248 1175 tierit.
294 1111 358 1188 Qui
393 1112 422 1174 si
451 1132 509 1174 uec
538 1109 637 1174 insita
665 1112 801 1174 naturae
829 1109 998 1193 voluptate
1031 1108 1235 1175 trahebatur
1267 1113 1304 1175 ad

149 1217 329 1281 litterarum
350 1216 466 1299 studia,
489 1237 678 1281 neccarum
697 1216 841 1281 rationes
860 1215 1055 1301 singillatim
1075 1221 1303 1299 perscrutatus

150 1344 209 1387 suo
239 1323 356 1389 iudicio
386 1323 467 1388 satis
495 1323 656 1389 confidere
684 1323 718 1386 in
746 1321 814 1386 illis
838 1321 1045 1386 moderandis
1068 1322 1302 1389 administrau-

149 1428 262 1512 disque
293 1430 413 1511 potuit:
451 1429 597 1513 profecto
630 1429 672 1494 ob
703 1429 735 1493 id
766 1429 873 1513 ipsum
904 1429 1009 1493 multo
1040 1429 1147 1495 etiam
1180 1434 1301 1497 maiore

149 1536 356 1600 veneratione
379 1536 498 1621 diguus
522 1535 663 1600 exstitit:
687 1572 729 1582 -
755 1535 895 1619 primum
929 1535 1061 1618 quidem
1093 1537 1200 1622 quod,
1229 1540 1301 1623 quia

151 1642 321 1726 salutares,
346 1643 422 1726 quia
445 1642 599 1708 honestas
622 1664 693 1707 esse
718 1642 819 1707 bonas
838 1645 925 1706 artes
943 1641 1166 1727 intellexerat,
1189 1644 1238 1708 ita
1258 1647 1300 1709 eis

147 1748 381 1831 prospiciebat,
414 1749 505 1832 quasi
538 1749 572 1812 in
604 1748 730 1814 deliciis
764 1748 901 1813 haberet
934 1753 967 1812 et
1001 1748 1036 1812 in
1070 1748 1194 1815 intimo
1231 1753 1300 1816 sinu

149 1854 284 1917 foveret:
315 1890 358 1900 -
390 1854 505 1919 deinde
535 1854 634 1938 quod,
666 1855 783 1939 quibus
815 1853 957 1939 negotiis
987 1857 1073 1919 recte
1104 1859 1298 1922 accurandis

152 1963 254 2022 semet
276 1959 382 2044 ipsum
402 1961 559 2044 imparem
580 1961 725 2045 sentiret,
748 1982 857 2025 eorum
879 1960 1087 2025 administros
1108 1962 1298 2051 intellegen-

149 2065 295 2130 tissimos
323 2067 524 2133 adsciscebat
552 2068 761 2133 consiliorum
793 2090 924 2133 suorum
953 2068 1059 2133 socios
1082 2072 1297 2152 gravissimos

149 2175 182 2235 et
209 2174 383 2238 acerrimos
412 2174 564 2240 vindices.
608 2172 693 2238 Nam
723 2176 750 2239 si
780 2197 907 2239 summa
936 2174 1007 2238 laus
1036 2182 1100 2259 ost,
1135 2199 1179 2244 ne
1207 2201 1295 2264 egere

150 2278 279 2363 quidem
304 2280 409 2344 aliena
434 2302 509 2364 ope,
538 2279 649 2364 paucis
672 2279 731 2343 illa
753 2281 947 2345 mortalibus
971 2304 1140 2347 concessa:
1177 2290 1213 2349 at
1236 2307 1294 2349 non

149 2386 265 2452 ultima
287 2387 367 2452 baec
390 2393 450 2469 est,
473 2388 573 2453 immo
592 2386 740 2471 proximo
759 2387 800 2451 ab
819 2387 878 2452 illa
898 2386 1072 2453 intervallo
1092 2388 1231 2475 distans,
1254 2396 1293 2472 ut,

153 2493 270 2576 quibus
294 2493 396 2577 copiis
419 2493 489 2577 ipse
513 2514 623 2578 egeas,
650 2515 706 2558 eas
734 2494 804 2576 pori
834 2493 1151 2577 circumspicientiae
1176 2497 1290 2582 sagaci·

151 2604 218 2663 tate
241 2600 362 2665 babeas
386 2601 440 2684 qui
464 2600 526 2664 tibi
549 2600 680 2665 aliunde
704 2601 820 2683 parias.
848 2601 894 2666 Et
911 2601 945 2665 in
964 2621 1002 2664 eo
1021 2601 1156 2685 quidem
1180 2624 1288 2688 genere

148 2729 245 2790 quam
274 2707 391 2771 eximio
420 2730 568 2772 successu
599 2706 813 2772 Furuumcvs
837 2706 1052 2771 Gvrnnnnvs·
1071 2708 1286 2789 elaboraverit,

148 2814 307 2897 cumipse
331 2815 390 2877 llos
415 2818 449 2877 et
472 2814 570 2878 robur
590 2814 797 2877 beatissimae
817 2815 905 2898 pacis
925 2819 1119 2898 argumento
1145 2820 1203 2896 est,
1225 2822 1282 2878 tum

147 2919 409 3000 splendidissima
438 2921 569 2985 uomina
597 2941 707 2983 eorum
737 2923 912 3002 testantur,
945 2904 1139 3004 quibuscum
1164 2922 1222 2985 llle
1244 2944 1280 2983 re·

147 3024 269 3108 gandae
300 3027 347 3090 rei
379 3026 527 3110 publicae
561 3024 671 3088 munia
700 3025 959 3089 communicavit.
1007 3026 1147 3090 Possum
1178 3029 1208 3091 in
1231 3028 1277 3089 bu¹

148 3136 337 3212 argumento
362 3131 546 3214 exspatiari
563 3130 708 3213 longius:
738 3152 861 3212 verum,
890 3132 1017 3215 quando
1041 3132 1075 3195 id
1099 3134 1184 3216 quod
1209 3155 1276 3195 sum·

148 3259 236 3300 nmm
260 3242 323 3321 cst,
348 3243 383 3302 ut
407 3239 539 3321 prietatis
568 3237 697 3301 affectui
727 3242 904 3321 grataeque
928 3238 1162 3303 recordationis
1185 3239 1274 3303 ollicio

147 3344 293 3425 quamvis
317 3344 407 3408 tenui
432 3343 608 3407 voluntatis
632 3343 859 3408 testificatione
883 3344 1070 3427 satisfieret,
1094 3347 1159 3409 iam
1185 3350 1271 3429 potest

149 3449 259 3532 aliquo
284 3450 378 3513 modo
403 3452 550 3514 ellectum
576 3450 689 3531 videri,
712 3450 788 3515 nolo
812 3456 920 3515 vestra
944 3452 1104 3534 patientia
1128 3453 1212 3516 abuti
1233 3471 1269 3510 rr·

146 3555 441 3639 spectationcmquc
467 3560 608 3619 vestram
632 3556 752 3620 diutius
778 3557 906 3621 morari.

236 3660 324 3744 Ergo
355 3666 391 3724 ut
418 3666 581 3725 transeam
612 3662 652 3726 ad
681 3663 865 3745 propositas
895 3664 1061 3746 superiore
1087 3689 1172 3730 anuo
1195 3684 1265 3747 quae·

147 3767 283 3847 stiones,
317 3768 381 3831 iam
405 3790 468 3830 nou
495 3789 566 3829 urea
591 3767 769 3833 elocutione
798 3773 885 3850 utar,
918 3770 973 3834 sed
998 3771 1095 3834 fidem
1120 3772 1264 3835 verborum

146 3874 187 3937 ab
211 3874 291 3956 ipsis
315 3875 480 3938 ordinibus
504 3875 626 3938 chartis
651 3876 914 3960 consignatorum
938 3879 1084 3943 servabo.
1114 3914 1154 3925 -
1178 3913 1215 3922 -
1235 3905 1262 3919 ”
