<?xml version="1.0" encoding="UTF-8"?>
<!DOCTYPE html PUBLIC "-//W3C//DTD XHTML 1.0 Transitional//EN"
    "http://www.w3.org/TR/xhtml1/DTD/xhtml1-transitional.dtd">
<html xmlns="http://www.w3.org/1999/xhtml" xml:lang="en" lang="en">
 <head>
  <title>
</title>
<meta http-equiv="Content-Type" content="text/html;charset=utf-8" />
  <meta name='ocr-system' content='tesseract 3.04.00' />
  <meta name='ocr-capabilities' content='ocr_page ocr_carea ocr_par ocr_line ocrx_word'/>
</head>
<body>
  <div class='ocr_page' id='page_1' title='image "./fridericiritsch00ritsgoog_0742.png"; bbox 0 0 2836 5034; ppageno 0'>
   <div class='ocr_carea' id='block_1_1' title="bbox 243 292 1168 372">
    <p class='ocr_par' dir='ltr' id='par_1_1' title="bbox 243 292 1168 372">
     <span class='ocr_line' id='line_1_1' title="bbox 243 292 1168 372; baseline -0.009 -13"><span class='ocrx_word' id='word_1_1' title='bbox 243 295 308 359; x_wconf 78' lang='lat'><strong>720</strong></span> <span class='ocrx_word' id='word_1_2' title='bbox 469 304 705 355; x_wconf 77' lang='lat' dir='ltr'><strong>nararnrscna</strong></span> <span class='ocrx_word' id='word_1_3' title='bbox 730 292 949 370; x_wconf 66' lang='lat' dir='ltr'><strong>aasentias,</strong></span> <span class='ocrx_word' id='word_1_4' title='bbox 974 304 1168 372; x_wconf 68' lang='lat' dir='ltr'><strong>romena,</strong></span> 
     </span>
    </p>
   </div>
   <div class='ocr_carea' id='block_1_2' title="bbox 361 500 1273 589">
    <p class='ocr_par' dir='ltr' id='par_1_2' title="bbox 361 500 1273 589">
     <span class='ocr_line' id='line_1_2' title="bbox 361 500 1273 589; baseline -0.001 -21"><span class='ocrx_word' id='word_1_5' title='bbox 361 503 400 589; x_wconf 88' lang='lat' dir='ltr'><strong>n)</strong></span> <span class='ocrx_word' id='word_1_6' title='bbox 425 504 480 568; x_wconf 93' lang='lat' dir='ltr'><strong>Im</strong></span> <span class='ocrx_word' id='word_1_7' title='bbox 504 503 747 569; x_wconf 86' lang='lat' dir='ltr'><strong>Prooemium</strong></span> <span class='ocrx_word' id='word_1_8' title='bbox 771 501 835 567; x_wconf 91' lang='lat' dir='ltr'><strong>des</strong></span> <span class='ocrx_word' id='word_1_9' title='bbox 858 500 1107 567; x_wconf 88' lang='lat' dir='ltr'><strong>Wintersem.</strong></span> <span class='ocrx_word' id='word_1_10' title='bbox 1133 502 1273 583; x_wconf 62' lang='lat' dir='ltr'><strong>1853Jnc</strong></span> 
     </span>
    </p>
   </div>
   <div class='ocr_carea' id='block_1_3' title="bbox 490 623 1147 713">
    <p class='ocr_par' dir='ltr' id='par_1_3' title="bbox 490 623 1147 713">
     <span class='ocr_line' id='line_1_3' title="bbox 490 623 1147 713; baseline 0 -22"><span class='ocrx_word' id='word_1_11' title='bbox 490 627 543 713; x_wconf 75' lang='lat' dir='ltr'><strong>(de</strong></span> <span class='ocrx_word' id='word_1_12' title='bbox 568 627 716 712; x_wconf 89' lang='lat' dir='ltr'><strong>sepulcro</strong></span> <span class='ocrx_word' id='word_1_13' title='bbox 740 625 911 691; x_wconf 85' lang='lat' dir='ltr'><strong>Furiorum</strong></span> <span class='ocrx_word' id='word_1_14' title='bbox 936 623 1147 712; x_wconf 84' lang='lat' dir='ltr'><strong>Tusculano).</strong></span> 
     </span>
    </p>
   </div>
   <div class='ocr_carea' id='block_1_4' title="bbox 246 755 1414 1281">
    <p class='ocr_par' dir='ltr' id='par_1_4' title="bbox 246 755 1414 1281">
     <span class='ocr_line' id='line_1_4' title="bbox 335 755 1366 854; baseline -0.003 -20"><span class='ocrx_word' id='word_1_15' title='bbox 335 771 489 853; x_wconf 76' lang='lat' dir='ltr'>Habetis,</span> <span class='ocrx_word' id='word_1_16' title='bbox 521 770 588 834; x_wconf 88' lang='lat' dir='ltr'><strong>cari</strong></span> <span class='ocrx_word' id='word_1_17' title='bbox 621 768 858 852; x_wconf 84' lang='lat' dir='ltr'><strong>adulescentes,</strong></span> <span class='ocrx_word' id='word_1_18' title='bbox 878 755 1059 852; x_wconf 60' lang='lat' dir='ltr'><strong>&#39;tamquam</strong></span> <span class='ocrx_word' id='word_1_19' title='bbox 1092 767 1315 854; x_wconf 81' lang='lat' dir='ltr'>promulsidem</span> <span class='ocrx_word' id='word_1_20' title='bbox 1342 775 1366 831; x_wconf 88' lang='lat' dir='ltr'><strong>ul</strong></span> 
     </span>
     <span class='ocr_line' id='line_1_5' title="bbox 246 860 1414 960; baseline -0.003 -17"><span class='ocrx_word' id='word_1_21' title='bbox 246 879 337 943; x_wconf 91' lang='lat' dir='ltr'><strong>aiunt</strong></span> <span class='ocrx_word' id='word_1_22' title='bbox 365 900 474 943; x_wconf 90' lang='lat' dir='ltr'><strong>earum</strong></span> <span class='ocrx_word' id='word_1_23' title='bbox 504 877 623 960; x_wconf 88' lang='lat' dir='ltr'><strong>dapum</strong></span> <span class='ocrx_word' id='word_1_24' title='bbox 653 898 733 960; x_wconf 88' lang='lat' dir='ltr'><strong>quas</strong></span> <span class='ocrx_word' id='word_1_25' title='bbox 762 876 842 941; x_wconf 91' lang='lat' dir='ltr'><strong>satis</strong></span> <span class='ocrx_word' id='word_1_26' title='bbox 870 880 904 941; x_wconf 86' lang='lat' dir='ltr'><strong>et</strong></span> <span class='ocrx_word' id='word_1_27' title='bbox 930 875 1040 940; x_wconf 83' lang='lat' dir='ltr'><strong>varias</strong></span> <span class='ocrx_word' id='word_1_28' title='bbox 1067 880 1102 941; x_wconf 92' lang='lat' dir='ltr'><strong>et</strong></span> <span class='ocrx_word' id='word_1_29' title='bbox 1129 876 1236 941; x_wconf 89' lang='lat' dir='ltr'><strong>lautas</strong></span> <span class='ocrx_word' id='word_1_30' title='bbox 1258 880 1369 959; x_wconf 78' lang='lat' dir='ltr'><strong>paratas</strong></span> <span class='ocrx_word' id='word_1_31' title='bbox 1412 860 1414 875; x_wconf 44' lang='grc' dir='ltr'>Ι</span> 
     </span>
     <span class='ocr_line' id='line_1_6' title="bbox 246 981 1370 1067; baseline -0.004 -18"><span class='ocrx_word' id='word_1_32' title='bbox 246 985 364 1049; x_wconf 89' lang='lat' dir='ltr'><strong>videtis</strong></span> <span class='ocrx_word' id='word_1_33' title='bbox 393 990 427 1048; x_wconf 89' lang='lat' dir='ltr'><strong>et</strong></span> <span class='ocrx_word' id='word_1_34' title='bbox 453 983 632 1047; x_wconf 79' lang='lat' dir='ltr'>liberaliter</span> <span class='ocrx_word' id='word_1_35' title='bbox 660 983 838 1067; x_wconf 83' lang='lat' dir='ltr'><strong>appositas.</strong></span> <span class='ocrx_word' id='word_1_36' title='bbox 884 981 1009 1059; x_wconf 85' lang='lat' dir='ltr'><strong>Quibus</strong></span> <span class='ocrx_word' id='word_1_37' title='bbox 1040 984 1089 1047; x_wconf 88' lang='lat' dir='ltr'><strong>ita</strong></span> <span class='ocrx_word' id='word_1_38' title='bbox 1116 981 1246 1048; x_wconf 89' lang='lat' dir='ltr'><strong>utimini</strong></span> <span class='ocrx_word' id='word_1_39' title='bbox 1273 985 1309 1045; x_wconf 91' lang='lat' dir='ltr'><strong>ut</strong></span> <span class='ocrx_word' id='word_1_40' title='bbox 1328 1003 1370 1045; x_wconf 82' lang='lat' dir='ltr'><strong>rec</strong></span> 
     </span>
     <span class='ocr_line' id='line_1_7' title="bbox 247 1088 1370 1176; baseline -0.003 -21"><span class='ocrx_word' id='word_1_41' title='bbox 247 1092 427 1176; x_wconf 82' lang='lat' dir='ltr'><strong>degustatis</strong></span> <span class='ocrx_word' id='word_1_42' title='bbox 451 1090 622 1156; x_wconf 74' lang='lat' dir='ltr'><strong>delicatius</strong></span> <span class='ocrx_word' id='word_1_43' title='bbox 641 1110 699 1155; x_wconf 88' lang='lat' dir='ltr'><strong>nec</strong></span> <span class='ocrx_word' id='word_1_44' title='bbox 719 1089 923 1174; x_wconf 90' lang='lat' dir='ltr'><strong>appetentius</strong></span> <span class='ocrx_word' id='word_1_45' title='bbox 943 1089 1141 1171; x_wconf 88' lang='lat' dir='ltr'><strong>helluemini,</strong></span> <span class='ocrx_word' id='word_1_46' title='bbox 1165 1088 1222 1153; x_wconf 86' lang='lat' dir='ltr'><strong>sed</strong></span> <span class='ocrx_word' id='word_1_47' title='bbox 1246 1110 1316 1153; x_wconf 89' lang='lat' dir='ltr'><strong>cum</strong></span> <span class='ocrx_word' id='word_1_48' title='bbox 1334 1088 1370 1152; x_wconf 79' lang='lat' dir='ltr'><strong>de</strong></span> 
     </span>
     <span class='ocr_line' id='line_1_8' title="bbox 246 1194 1373 1281; baseline -0.003 -20"><span class='ocrx_word' id='word_1_49' title='bbox 246 1198 331 1262; x_wconf 91' lang='lat' dir='ltr'><strong>lectu</strong></span> <span class='ocrx_word' id='word_1_50' title='bbox 351 1219 432 1262; x_wconf 88' lang='lat' dir='ltr'><strong>sana</strong></span> <span class='ocrx_word' id='word_1_51' title='bbox 450 1202 483 1262; x_wconf 91' lang='lat' dir='ltr'><strong>et</strong></span> <span class='ocrx_word' id='word_1_52' title='bbox 501 1198 664 1281; x_wconf 88' lang='lat' dir='ltr'><strong>simplicia</strong></span> <span class='ocrx_word' id='word_1_53' title='bbox 682 1200 844 1262; x_wconf 86' lang='lat' dir='ltr'><strong>sectantes</strong></span> <span class='ocrx_word' id='word_1_54' title='bbox 863 1196 1030 1262; x_wconf 91' lang='lat' dir='ltr'><strong>misceatis</strong></span> <span class='ocrx_word' id='word_1_55' title='bbox 1048 1196 1128 1260; x_wconf 92' lang='lat' dir='ltr'><strong>utile</strong></span> <span class='ocrx_word' id='word_1_56' title='bbox 1148 1195 1244 1260; x_wconf 94' lang='lat' dir='ltr'><strong>dulci.</strong></span> <span class='ocrx_word' id='word_1_57' title='bbox 1267 1194 1373 1260; x_wconf 82' lang='lat' dir='ltr'><strong>Valete.</strong></span> 
     </span>
    </p>
   </div>
   <div class='ocr_carea' id='block_1_5' title="bbox 387 1514 1414 1753">
    <p class='ocr_par' dir='ltr' id='par_1_5' title="bbox 387 1514 1414 1753">
     <span class='ocr_line' id='line_1_9' title="bbox 387 1514 1256 1605; baseline 0 -23"><span class='ocrx_word' id='word_1_58' title='bbox 387 1517 419 1605; x_wconf 83' lang='lat' dir='ltr'><strong>o)</strong></span> <span class='ocrx_word' id='word_1_59' title='bbox 443 1517 496 1582; x_wconf 89' lang='lat' dir='ltr'><strong>Im</strong></span> <span class='ocrx_word' id='word_1_60' title='bbox 520 1517 759 1583; x_wconf 84' lang='lat' dir='ltr'><strong>Prooemium</strong></span> <span class='ocrx_word' id='word_1_61' title='bbox 784 1518 851 1582; x_wconf 92' lang='lat' dir='ltr'><strong>des</strong></span> <span class='ocrx_word' id='word_1_62' title='bbox 876 1514 1139 1583; x_wconf 85' lang='lat' dir='ltr'><strong>Sommersem.</strong></span> <span class='ocrx_word' id='word_1_63' title='bbox 1168 1518 1256 1582; x_wconf 77' lang='lat'>1854</span> 
     </span>
     <span class='ocr_line' id='line_1_10' title="bbox 625 1600 1414 1753; baseline -0.005 -46"><span class='ocrx_word' id='word_1_64' title='bbox 625 1641 819 1727; x_wconf 88' lang='lat' dir='ltr'><strong>(veriloquia</strong></span> <span class='ocrx_word' id='word_1_65' title='bbox 842 1638 1017 1727; x_wconf 88' lang='lat' dir='ltr'><strong>Plautina).</strong></span> <span class='ocrx_word' id='word_1_66' title='bbox 1409 1600 1414 1753; x_wconf 64' lang='lat'>¹</span> 
     </span>
    </p>
   </div>
   <div class='ocr_carea' id='block_1_6' title="bbox 245 1783 1414 2485">
    <p class='ocr_par' dir='ltr' id='par_1_6' title="bbox 245 1783 1414 2485">
     <span class='ocr_line' id='line_1_11' title="bbox 336 1783 1380 1870; baseline -0.001 -21"><span class='ocrx_word' id='word_1_67' title='bbox 336 1786 444 1870; x_wconf 80' lang='lat' dir='ltr'><strong>Atque</strong></span> <span class='ocrx_word' id='word_1_68' title='bbox 466 1784 546 1849; x_wconf 90' lang='lat' dir='ltr'><strong>haec</strong></span> <span class='ocrx_word' id='word_1_69' title='bbox 569 1784 650 1848; x_wconf 91' lang='lat' dir='ltr'><strong>satis</strong></span> <span class='ocrx_word' id='word_1_70' title='bbox 674 1787 772 1849; x_wconf 88' lang='lat' dir='ltr'><strong>sunto</strong></span> <span class='ocrx_word' id='word_1_71' title='bbox 796 1785 830 1848; x_wconf 90' lang='lat' dir='ltr'><strong>in</strong></span> <span class='ocrx_word' id='word_1_72' title='bbox 853 1785 1027 1868; x_wconf 74' lang='lat' dir='ltr'><strong>praesenti,</strong></span> <span class='ocrx_word' id='word_1_73' title='bbox 1050 1783 1171 1867; x_wconf 90' lang='lat' dir='ltr'><strong>quibus</strong></span> <span class='ocrx_word' id='word_1_74' title='bbox 1196 1783 1239 1848; x_wconf 89' lang='lat' dir='ltr'><strong>ad</strong></span> <span class='ocrx_word' id='word_1_75' title='bbox 1258 1806 1380 1868; x_wconf 84' lang='lat' dir='ltr'><strong>eaquae</strong></span> 
     </span>
     <span class='ocr_line' id='line_1_12' title="bbox 247 1890 1381 1977; baseline -0.001 -22"><span class='ocrx_word' id='word_1_76' title='bbox 247 1892 462 1977; x_wconf 81' lang='lat' dir='ltr'><strong>intraposita</strong></span> <span class='ocrx_word' id='word_1_77' title='bbox 486 1894 562 1956; x_wconf 91' lang='lat' dir='ltr'><strong>sunt</strong></span> <span class='ocrx_word' id='word_1_78' title='bbox 584 1890 774 1955; x_wconf 88' lang='lat' dir='ltr'><strong>eruditionis</strong></span> <span class='ocrx_word' id='word_1_79' title='bbox 797 1891 1013 1956; x_wconf 90' lang='lat' dir='ltr'><strong>instrumenta</strong></span> <span class='ocrx_word' id='word_1_80' title='bbox 1035 1891 1230 1975; x_wconf 86' lang='lat' dir='ltr'><strong>variamque</strong></span> <span class='ocrx_word' id='word_1_81' title='bbox 1253 1890 1381 1974; x_wconf 84' lang='lat' dir='ltr'><strong>discipli-</strong></span> 
     </span>
     <span class='ocr_line' id='line_1_13' title="bbox 247 1964 1414 2109; baseline 0 -46"><span class='ocrx_word' id='word_1_82' title='bbox 247 2021 364 2064; x_wconf 89' lang='lat' dir='ltr'><strong>narum</strong></span> <span class='ocrx_word' id='word_1_83' title='bbox 383 1998 620 2084; x_wconf 86' lang='lat' dir='ltr'><strong>supellectilem</strong></span> <span class='ocrx_word' id='word_1_84' title='bbox 639 1998 725 2063; x_wconf 90' lang='lat' dir='ltr'><strong>oculi</strong></span> <span class='ocrx_word' id='word_1_85' title='bbox 744 1999 844 2063; x_wconf 83' lang='lat' dir='ltr'><strong>vestri</strong></span> <span class='ocrx_word' id='word_1_86' title='bbox 863 1998 1028 2083; x_wconf 81' lang='lat' dir='ltr'><strong>animique</strong></span> <span class='ocrx_word' id='word_1_87' title='bbox 1046 1998 1273 2063; x_wconf 88' lang='lat' dir='ltr'><strong>traducantur.</strong></span> <span class='ocrx_word' id='word_1_88' title='bbox 1304 1997 1381 2063; x_wconf 83' lang='lat' dir='ltr'><strong>Vnde</strong></span> <span class='ocrx_word' id='word_1_89' title='bbox 1407 1964 1414 2109; x_wconf 63' lang='grc'><strong>1</strong></span> 
     </span>
     <span class='ocr_line' id='line_1_14' title="bbox 246 2105 1414 2191; baseline 0.001 -21"><span class='ocrx_word' id='word_1_90' title='bbox 246 2107 414 2190; x_wconf 86' lang='lat' dir='ltr'><strong>curabitis,</strong></span> <span class='ocrx_word' id='word_1_91' title='bbox 443 2129 538 2191; x_wconf 92' lang='lat' dir='ltr'><strong>quem</strong></span> <span class='ocrx_word' id='word_1_92' title='bbox 563 2106 602 2171; x_wconf 90' lang='lat' dir='ltr'><strong>ad</strong></span> <span class='ocrx_word' id='word_1_93' title='bbox 626 2106 759 2172; x_wconf 91' lang='lat' dir='ltr'><strong>modum</strong></span> <span class='ocrx_word' id='word_1_94' title='bbox 783 2105 1013 2188; x_wconf 79' lang='lat' dir='ltr'><strong>consuevistis,</strong></span> <span class='ocrx_word' id='word_1_95' title='bbox 1040 2105 1134 2169; x_wconf 90' lang='lat' dir='ltr'><strong>utin</strong></span> <span class='ocrx_word' id='word_1_96' title='bbox 1159 2107 1286 2170; x_wconf 87' lang='lat' dir='ltr'><strong>artium</strong></span> <span class='ocrx_word' id='word_1_97' title='bbox 1308 2107 1378 2171; x_wconf 70' lang='lat' dir='ltr'><strong>litte</strong></span> <span class='ocrx_word' id='word_1_98' title='bbox 1411 2116 1414 2191; x_wconf 65' lang='grc' dir='ltr'><strong>ξ</strong></span> 
     </span>
     <span class='ocr_line' id='line_1_15' title="bbox 247 2212 1414 2297; baseline 0 -21"><span class='ocrx_word' id='word_1_99' title='bbox 247 2234 419 2297; x_wconf 89' lang='lat' dir='ltr'><strong>rarumque</strong></span> <span class='ocrx_word' id='word_1_100' title='bbox 444 2212 552 2276; x_wconf 90' lang='lat' dir='ltr'><strong>studia</strong></span> <span class='ocrx_word' id='word_1_101' title='bbox 575 2216 684 2277; x_wconf 79' lang='lat' dir='ltr'><strong>vestra</strong></span> <span class='ocrx_word' id='word_1_102' title='bbox 708 2217 740 2278; x_wconf 93' lang='lat' dir='ltr'><strong>et</strong></span> <span class='ocrx_word' id='word_1_103' title='bbox 764 2213 804 2276; x_wconf 86' lang='lat' dir='ltr'><strong>ad</strong></span> <span class='ocrx_word' id='word_1_104' title='bbox 827 2234 957 2277; x_wconf 88' lang='lat' dir='ltr'><strong>omnem</strong></span> <span class='ocrx_word' id='word_1_105' title='bbox 978 2212 1223 2277; x_wconf 73' lang='lat' dir='ltr'><strong>humanitatem</strong></span> <span class='ocrx_word' id='word_1_106' title='bbox 1242 2213 1380 2279; x_wconf 74' lang='lat' dir='ltr'><strong>informa</strong></span> <span class='ocrx_word' id='word_1_107' title='bbox 1412 2230 1414 2235; x_wconf 83' lang='lat'>·</span> 
     </span>
     <span class='ocr_line' id='line_1_16' title="bbox 245 2315 1414 2485; baseline 0 -101"><span class='ocrx_word' id='word_1_108' title='bbox 245 2321 367 2384; x_wconf 90' lang='lat' dir='ltr'><strong>tionem</strong></span> <span class='ocrx_word' id='word_1_109' title='bbox 394 2319 518 2384; x_wconf 87' lang='lat' dir='ltr'><strong>fructus</strong></span> <span class='ocrx_word' id='word_1_110' title='bbox 546 2320 662 2404; x_wconf 90' lang='lat' dir='ltr'><strong>optimi</strong></span> <span class='ocrx_word' id='word_1_111' title='bbox 692 2315 872 2385; x_wconf 84' lang='lat' dir='ltr'><strong>redundent</strong></span> <span class='ocrx_word' id='word_1_112' title='bbox 901 2318 1109 2404; x_wconf 82' lang='lat' dir='ltr'><strong>discendique</strong></span> <span class='ocrx_word' id='word_1_113' title='bbox 1132 2319 1266 2385; x_wconf 86' lang='lat' dir='ltr'><strong>fervore</strong></span> <span class='ocrx_word' id='word_1_114' title='bbox 1288 2326 1381 2385; x_wconf 79' lang='lat' dir='ltr'><strong>vestro</strong></span> <span class='ocrx_word' id='word_1_115' title='bbox 1407 2320 1414 2485; x_wconf 58' lang='grc'><strong>1</strong></span> 
     </span>
    </p>
   </div>
   <div class='ocr_carea' id='block_1_7' title="bbox 246 2424 1180 2511">
    <p class='ocr_par' dir='ltr' id='par_1_7' title="bbox 246 2424 1180 2511">
     <span class='ocr_line' id='line_1_17' title="bbox 246 2424 1180 2511; baseline 0.001 -21"><span class='ocrx_word' id='word_1_116' title='bbox 246 2431 397 2511; x_wconf 87' lang='lat' dir='ltr'><strong>prompta</strong></span> <span class='ocrx_word' id='word_1_117' title='bbox 421 2427 604 2491; x_wconf 83' lang='lat' dir='ltr'><strong>docentium</strong></span> <span class='ocrx_word' id='word_1_118' title='bbox 628 2427 778 2491; x_wconf 85' lang='lat' dir='ltr'><strong>voluntas</strong></span> <span class='ocrx_word' id='word_1_119' title='bbox 803 2430 1007 2511; x_wconf 82' lang='lat' dir='ltr'><strong>exaequetur.</strong></span> <span class='ocrx_word' id='word_1_120' title='bbox 1052 2424 1180 2491; x_wconf 87' lang='lat' dir='ltr'><strong>Valete.</strong></span> 
     </span>
    </p>
   </div>
   <div class='ocr_carea' id='block_1_8' title="bbox 383 2743 1260 2958">
    <p class='ocr_par' dir='ltr' id='par_1_8' title="bbox 383 2743 1260 2958">
     <span class='ocr_line' id='line_1_18' title="bbox 383 2743 1260 2831; baseline 0.003 -22"><span class='ocrx_word' id='word_1_121' title='bbox 383 2743 418 2831; x_wconf 85' lang='lat' dir='ltr'><strong>p)</strong></span> <span class='ocrx_word' id='word_1_122' title='bbox 443 2746 497 2810; x_wconf 91' lang='lat' dir='ltr'><strong>Im</strong></span> <span class='ocrx_word' id='word_1_123' title='bbox 522 2747 765 2811; x_wconf 89' lang='lat' dir='ltr'><strong>Prooemium</strong></span> <span class='ocrx_word' id='word_1_124' title='bbox 788 2747 854 2810; x_wconf 93' lang='lat' dir='ltr'><strong>des</strong></span> <span class='ocrx_word' id='word_1_125' title='bbox 879 2745 1139 2811; x_wconf 81' lang='lat' dir='ltr'><strong>Summersem.</strong></span> <span class='ocrx_word' id='word_1_126' title='bbox 1170 2749 1260 2812; x_wconf 73' lang='lat'>1855</span> 
     </span>
     <span class='ocr_line' id='line_1_19' title="bbox 583 2870 1056 2958; baseline 0.004 -25"><span class='ocrx_word' id='word_1_127' title='bbox 583 2870 635 2957; x_wconf 88' lang='lat' dir='ltr'><strong>(de</strong></span> <span class='ocrx_word' id='word_1_128' title='bbox 660 2872 755 2935; x_wconf 89' lang='lat' dir='ltr'><strong>titulo</strong></span> <span class='ocrx_word' id='word_1_129' title='bbox 779 2870 1056 2958; x_wconf 86' lang='lat' dir='ltr'><strong>Lambaesitano).</strong></span> 
     </span>
    </p>
   </div>
   <div class='ocr_carea' id='block_1_9' title="bbox 245 3012 1373 3310">
    <p class='ocr_par' dir='ltr' id='par_1_9' title="bbox 245 3012 1373 3310">
     <span class='ocr_line' id='line_1_20' title="bbox 335 3012 1373 3100; baseline 0.003 -25"><span class='ocrx_word' id='word_1_130' title='bbox 335 3012 403 3076; x_wconf 90' lang='lat' dir='ltr'><strong>Vos</strong></span> <span class='ocrx_word' id='word_1_131' title='bbox 429 3017 536 3078; x_wconf 89' lang='lat' dir='ltr'><strong>autem</strong></span> <span class='ocrx_word' id='word_1_132' title='bbox 561 3015 797 3077; x_wconf 81' lang='lat' dir='ltr'><strong>commilitones</strong></span> <span class='ocrx_word' id='word_1_133' title='bbox 822 3016 928 3079; x_wconf 82' lang='lat' dir='ltr'><strong>valete</strong></span> <span class='ocrx_word' id='word_1_134' title='bbox 952 3020 984 3078; x_wconf 86' lang='lat' dir='ltr'><strong>et</strong></span> <span class='ocrx_word' id='word_1_135' title='bbox 1004 3037 1075 3080; x_wconf 91' lang='lat' dir='ltr'><strong>eum</strong></span> <span class='ocrx_word' id='word_1_136' title='bbox 1096 3014 1163 3078; x_wconf 90' lang='lat' dir='ltr'><strong>alia</strong></span> <span class='ocrx_word' id='word_1_137' title='bbox 1183 3021 1296 3080; x_wconf 88' lang='lat' dir='ltr'><strong>curate</strong></span> <span class='ocrx_word' id='word_1_138' title='bbox 1315 3035 1373 3100; x_wconf 77' lang='lat' dir='ltr'><strong>quae</strong></span> 
     </span>
     <span class='ocr_line' id='line_1_21' title="bbox 245 3121 1372 3205; baseline 0 -22"><span class='ocrx_word' id='word_1_139' title='bbox 245 3143 302 3184; x_wconf 88' lang='lat' dir='ltr'><strong>vos</strong></span> <span class='ocrx_word' id='word_1_140' title='bbox 332 3142 444 3183; x_wconf 86' lang='lat' dir='ltr'><strong>curare</strong></span> <span class='ocrx_word' id='word_1_141' title='bbox 475 3121 622 3200; x_wconf 79' lang='lat' dir='ltr'><strong>tddecet,</strong></span> <span class='ocrx_word' id='word_1_142' title='bbox 655 3124 724 3185; x_wconf 87' lang='lat' dir='ltr'><strong>turn</strong></span> <span class='ocrx_word' id='word_1_143' title='bbox 753 3125 882 3204; x_wconf 90' lang='lat' dir='ltr'><strong>praeter</strong></span> <span class='ocrx_word' id='word_1_144' title='bbox 910 3125 1017 3185; x_wconf 91' lang='lat' dir='ltr'><strong>cetera</strong></span> <span class='ocrx_word' id='word_1_145' title='bbox 1041 3121 1137 3205; x_wconf 85' lang='lat' dir='ltr'><strong>illud,</strong></span> <span class='ocrx_word' id='word_1_146' title='bbox 1172 3129 1209 3186; x_wconf 90' lang='lat' dir='ltr'><strong>ut</strong></span> <span class='ocrx_word' id='word_1_147' title='bbox 1236 3125 1281 3188; x_wconf 89' lang='lat' dir='ltr'><strong>sit</strong></span> <span class='ocrx_word' id='word_1_148' title='bbox 1304 3122 1372 3187; x_wconf 76' lang='lat' dir='ltr'><strong>robis</strong></span> 
     </span>
     <span class='ocr_line' id='line_1_22' title="bbox 248 3228 771 3310; baseline 0.006 -22"><span class='ocrx_word' id='word_1_149' title='bbox 248 3248 339 3289; x_wconf 88' lang='lat' dir='ltr'><strong>mens</strong></span> <span class='ocrx_word' id='word_1_150' title='bbox 364 3249 443 3291; x_wconf 89' lang='lat' dir='ltr'><strong>sana</strong></span> <span class='ocrx_word' id='word_1_151' title='bbox 467 3228 500 3290; x_wconf 88' lang='lat' dir='ltr'><strong>iu</strong></span> <span class='ocrx_word' id='word_1_152' title='bbox 524 3250 658 3310; x_wconf 87' lang='lat' dir='ltr'><strong>corpore</strong></span> <span class='ocrx_word' id='word_1_153' title='bbox 684 3250 771 3292; x_wconf 85' lang='lat' dir='ltr'><strong>sano.</strong></span> 
     </span>
    </p>
   </div>
   <div class='ocr_carea' id='block_1_10' title="bbox 376 3491 1266 3580">
    <p class='ocr_par' dir='ltr' id='par_1_10' title="bbox 376 3491 1266 3580">
     <span class='ocr_line' id='line_1_23' title="bbox 376 3491 1266 3580; baseline 0.006 -24"><span class='ocrx_word' id='word_1_154' title='bbox 376 3491 410 3578; x_wconf 84' lang='lat' dir='ltr'><strong>q)</strong></span> <span class='ocrx_word' id='word_1_155' title='bbox 434 3493 487 3557; x_wconf 91' lang='lat' dir='ltr'><strong>Im</strong></span> <span class='ocrx_word' id='word_1_156' title='bbox 511 3495 753 3559; x_wconf 88' lang='lat' dir='ltr'><strong>Prooemium</strong></span> <span class='ocrx_word' id='word_1_157' title='bbox 778 3496 840 3559; x_wconf 90' lang='lat' dir='ltr'><strong>des</strong></span> <span class='ocrx_word' id='word_1_158' title='bbox 865 3495 1108 3559; x_wconf 90' lang='lat' dir='ltr'><strong>Wintersem.</strong></span> <span class='ocrx_word' id='word_1_159' title='bbox 1136 3497 1266 3580; x_wconf 59' lang='lat' dir='ltr'>1855ss</span> 
     </span>
    </p>
   </div>
   <div class='ocr_carea' id='block_1_11' title="bbox 543 3616 1095 3704">
    <p class='ocr_par' dir='ltr' id='par_1_11' title="bbox 543 3616 1095 3704">
     <span class='ocr_line' id='line_1_24' title="bbox 543 3616 1095 3704; baseline 0.004 -23"><span class='ocrx_word' id='word_1_160' title='bbox 543 3616 597 3703; x_wconf 84' lang='lat' dir='ltr'><strong>(de</strong></span> <span class='ocrx_word' id='word_1_161' title='bbox 620 3621 701 3684; x_wconf 79' lang='lat' dir='ltr'><strong>idem</strong></span> <span class='ocrx_word' id='word_1_162' title='bbox 724 3622 819 3684; x_wconf 81' lang='lat' dir='ltr'><strong>isdem</strong></span> <span class='ocrx_word' id='word_1_163' title='bbox 842 3643 934 3702; x_wconf 88' lang='lat' dir='ltr'><strong>pron.</strong></span> <span class='ocrx_word' id='word_1_164' title='bbox 956 3617 1095 3704; x_wconf 81' lang='lat' dir='ltr'><strong>formis).</strong></span> 
     </span>
    </p>
   </div>
   <div class='ocr_carea' id='block_1_12' title="bbox 244 3760 1366 4468">
    <p class='ocr_par' dir='ltr' id='par_1_12' title="bbox 244 3760 1366 4468">
     <span class='ocr_line' id='line_1_25' title="bbox 336 3760 1366 3843; baseline -0.001 -19"><span class='ocrx_word' id='word_1_165' title='bbox 336 3760 459 3825; x_wconf 78' lang='lat' dir='ltr'><strong>Tantae</strong></span> <span class='ocrx_word' id='word_1_166' title='bbox 490 3763 587 3825; x_wconf 87' lang='lat' dir='ltr'><strong>molis</strong></span> <span class='ocrx_word' id='word_1_167' title='bbox 615 3767 685 3825; x_wconf 88' lang='lat' dir='ltr'><strong>erat</strong></span> <span class='ocrx_word' id='word_1_168' title='bbox 714 3762 912 3826; x_wconf 87' lang='lat' dir='ltr'><strong>breviculam</strong></span> <span class='ocrx_word' id='word_1_169' title='bbox 936 3761 974 3824; x_wconf 90' lang='lat' dir='ltr'><strong>de</strong></span> <span class='ocrx_word' id='word_1_170' title='bbox 997 3783 1031 3824; x_wconf 91' lang='lat' dir='ltr'><strong>re</strong></span> <span class='ocrx_word' id='word_1_171' title='bbox 1054 3761 1176 3843; x_wconf 88' lang='lat' dir='ltr'><strong>pusilla</strong></span> <span class='ocrx_word' id='word_1_172' title='bbox 1202 3763 1366 3828; x_wconf 82' lang='lat' dir='ltr'><strong>admonitio</strong></span> 
     </span>
     <span class='ocr_line' id='line_1_26' title="bbox 245 3867 1364 3953; baseline -0.003 -22"><span class='ocrx_word' id='word_1_173' title='bbox 245 3891 333 3952; x_wconf 80' lang='lat' dir='ltr'><strong>nem,</strong></span> <span class='ocrx_word' id='word_1_174' title='bbox 366 3869 420 3932; x_wconf 92' lang='lat' dir='ltr'><strong>sed</strong></span> <span class='ocrx_word' id='word_1_175' title='bbox 452 3869 562 3953; x_wconf 84' lang='lat' dir='ltr'><strong>magni</strong></span> <span class='ocrx_word' id='word_1_176' title='bbox 594 3869 654 3933; x_wconf 86' lang='lat' dir='ltr'><strong>viri</strong></span> <span class='ocrx_word' id='word_1_177' title='bbox 686 3870 938 3934; x_wconf 89' lang='lat' dir='ltr'><strong>admonitionem</strong></span> <span class='ocrx_word' id='word_1_178' title='bbox 969 3891 1028 3932; x_wconf 89' lang='lat' dir='ltr'><strong>sua</strong></span> <span class='ocrx_word' id='word_1_179' title='bbox 1059 3869 1188 3953; x_wconf 90' lang='lat' dir='ltr'><strong>sibique</strong></span> <span class='ocrx_word' id='word_1_180' title='bbox 1221 3871 1323 3934; x_wconf 87' lang='lat' dir='ltr'><strong>debita</strong></span> <span class='ocrx_word' id='word_1_181' title='bbox 1344 3867 1364 3929; x_wconf 89' lang='lat' dir='ltr'><strong>iu</strong></span> 
     </span>
     <span class='ocr_line' id='line_1_27' title="bbox 246 3975 1364 4059; baseline -0.004 -20"><span class='ocrx_word' id='word_1_182' title='bbox 246 3977 315 4040; x_wconf 91' lang='lat' dir='ltr'><strong>luce</strong></span> <span class='ocrx_word' id='word_1_183' title='bbox 349 3977 515 4041; x_wconf 88' lang='lat' dir='ltr'><strong>collocare.</strong></span> <span class='ocrx_word' id='word_1_184' title='bbox 573 3975 694 4050; x_wconf 82' lang='lat' dir='ltr'><strong>Quodsi</strong></span> <span class='ocrx_word' id='word_1_185' title='bbox 728 3976 952 4059; x_wconf 84' lang='lat' dir='ltr'><strong>memineritis,</strong></span> <span class='ocrx_word' id='word_1_186' title='bbox 986 3975 1051 4040; x_wconf 89' lang='lat' dir='ltr'><strong>cari</strong></span> <span class='ocrx_word' id='word_1_187' title='bbox 1086 3977 1364 4055; x_wconf 77' lang='lat' dir='ltr'><strong>commilitones‚e</strong></span> 
     </span>
     <span class='ocr_line' id='line_1_28' title="bbox 245 4081 1363 4168; baseline -0.001 -23"><span class='ocrx_word' id='word_1_188' title='bbox 245 4083 354 4165; x_wconf 84' lang='lat' dir='ltr'><strong>parvis</strong></span> <span class='ocrx_word' id='word_1_189' title='bbox 379 4087 412 4145; x_wconf 90' lang='lat' dir='ltr'><strong>ct</strong></span> <span class='ocrx_word' id='word_1_190' title='bbox 435 4083 563 4166; x_wconf 89' lang='lat' dir='ltr'><strong>pusillis</strong></span> <span class='ocrx_word' id='word_1_191' title='bbox 587 4104 706 4168; x_wconf 84' lang='lat' dir='ltr'><strong>magua</strong></span> <span class='ocrx_word' id='word_1_192' title='bbox 726 4084 835 4147; x_wconf 88' lang='lat' dir='ltr'><strong>onmia</strong></span> <span class='ocrx_word' id='word_1_193' title='bbox 854 4086 887 4147; x_wconf 91' lang='lat' dir='ltr'><strong>et</strong></span> <span class='ocrx_word' id='word_1_194' title='bbox 905 4081 1046 4146; x_wconf 82' lang='lat' dir='ltr'><strong>maxima</strong></span> <span class='ocrx_word' id='word_1_195' title='bbox 1065 4083 1211 4166; x_wconf 86' lang='lat' dir='ltr'><strong>conflari,</strong></span> <span class='ocrx_word' id='word_1_196' title='bbox 1234 4106 1292 4147; x_wconf 89' lang='lat' dir='ltr'><strong>nec</strong></span> <span class='ocrx_word' id='word_1_197' title='bbox 1308 4083 1363 4146; x_wconf 77' lang='lat' dir='ltr'><strong>hae</strong></span> 
     </span>
     <span class='ocr_line' id='line_1_29' title="bbox 245 4188 1361 4275; baseline -0.004 -24"><span class='ocrx_word' id='word_1_198' title='bbox 245 4190 361 4273; x_wconf 78' lang='lat' dir='ltr'><strong>ignave</strong></span> <span class='ocrx_word' id='word_1_199' title='bbox 385 4192 652 4272; x_wconf 87' lang='lat' dir='ltr'><strong>praetermittatis</strong></span> <span class='ocrx_word' id='word_1_200' title='bbox 677 4213 735 4254; x_wconf 85' lang='lat' dir='ltr'><strong>nec</strong></span> <span class='ocrx_word' id='word_1_201' title='bbox 758 4192 900 4275; x_wconf 90' lang='lat' dir='ltr'><strong>ineptius</strong></span> <span class='ocrx_word' id='word_1_202' title='bbox 929 4190 984 4253; x_wconf 90' lang='lat' dir='ltr'><strong>illa</strong></span> <span class='ocrx_word' id='word_1_203' title='bbox 1006 4190 1198 4273; x_wconf 84' lang='lat' dir='ltr'><strong>fastidietis,</strong></span> <span class='ocrx_word' id='word_1_204' title='bbox 1227 4192 1280 4255; x_wconf 89' lang='lat' dir='ltr'><strong>sed</strong></span> <span class='ocrx_word' id='word_1_205' title='bbox 1303 4188 1361 4252; x_wconf 83' lang='lat' dir='ltr'><strong>salu·</strong></span> 
     </span>
     <span class='ocr_line' id='line_1_30' title="bbox 244 4296 1360 4379; baseline -0.005 -20"><span class='ocrx_word' id='word_1_206' title='bbox 244 4298 307 4360; x_wconf 87' lang='lat' dir='ltr'><strong>tari</strong></span> <span class='ocrx_word' id='word_1_207' title='bbox 336 4298 472 4360; x_wconf 90' lang='lat' dir='ltr'><strong>consilio</strong></span> <span class='ocrx_word' id='word_1_208' title='bbox 504 4297 647 4379; x_wconf 88' lang='lat' dir='ltr'><strong>utrisque</strong></span> <span class='ocrx_word' id='word_1_209' title='bbox 676 4298 870 4361; x_wconf 88' lang='lat' dir='ltr'><strong>consociatis</strong></span> <span class='ocrx_word' id='word_1_210' title='bbox 895 4318 988 4361; x_wconf 82' lang='lat' dir='ltr'><strong>carne</strong></span> <span class='ocrx_word' id='word_1_211' title='bbox 1012 4318 1069 4360; x_wconf 81' lang='lat' dir='ltr'><strong>vos</strong></span> <span class='ocrx_word' id='word_1_212' title='bbox 1094 4302 1251 4378; x_wconf 87' lang='lat' dir='ltr'><strong>punctum</strong></span> <span class='ocrx_word' id='word_1_213' title='bbox 1276 4296 1360 4360; x_wconf 73' lang='lat' dir='ltr'><strong>tulisse</strong></span> 
     </span>
     <span class='ocr_line' id='line_1_31' title="bbox 245 4405 483 4468; baseline 0.004 -3"><span class='ocrx_word' id='word_1_214' title='bbox 245 4405 483 4468; x_wconf 79' lang='lat' dir='ltr'><strong>existimabitis.</strong></span> 
     </span>
    </p>
   </div>
   <div class='ocr_carea' id='block_1_13' title="bbox 0 0 1422 5034">
    <p class='ocr_par' dir='ltr' id='par_1_13' title="bbox 0 0 1422 5034">
     <span class='ocr_line' id='line_1_32' title="bbox 0 0 1422 5034; baseline 0 0"><span class='ocrx_word' id='word_1_215' title='bbox 0 0 1422 5034; x_wconf 95' lang='lat' dir='ltr'><strong> </strong></span> 
     </span>
    </p>
   </div>
  </div>
 </body>
</html>
