2836 5034
151 333 217 398 344
444 343 707 395 raouasonaua
728 343 776 391 nn
799 339 1010 392 asmoumvs

151 497 244 577 parta
266 489 456 575 planissime
480 490 652 555 confirmat
674 487 821 553 codicum
844 486 1040 572 auctoritas,
1061 489 1118 574 qui
1136 510 1191 556 non
1208 495 1256 557 tan

151 603 222 664 tum
249 599 283 664 in
313 599 455 682 quinque
479 617 670 661 scaenarum
693 594 974 680 inscriptionibus,
1001 596 1058 661 sed
1081 598 1172 663 etiam
1190 599 1215 663 in
1230 620 1257 665 eo

151 708 223 772 loco
247 705 376 770 fabulae
401 702 475 789 (III,
497 704 529 786 2,
552 700 620 789 56),
643 703 677 766 in
701 723 764 786 quo
788 701 1009 768 nominativus
1032 704 1261 787 Periplectomene

152 812 226 878 inde
254 812 296 877 ab
326 812 451 896 aliquot
478 810 617 875 saeculis
645 809 813 894 vulgatur,
843 808 950 892 ipsam
976 831 1016 876 ae
1037 812 1264 878 terminationem

151 922 321 985 testentur.
368 915 430 982 Sed
459 917 589 981 eosdem
617 937 696 980 sane
724 915 863 980 alterum
886 915 1003 981 vitium
1031 939 1143 984 omnes
1163 918 1266 985 insidet:

152 1027 218 1092 nisi
241 1025 325 1110 quod
349 1023 507 1107 perdubio
531 1022 650 1087 indicio
673 1022 742 1086 veri
765 1021 866 1086 semel
883 1024 1120 1109 periplatomerre
1141 1026 1269 1110 seriptum

153 1137 204 1197 est
228 1134 264 1196 in
288 1130 347 1197 01)
369 1129 417 1213 11,
440 1131 476 1213 2,
503 1130 552 1194 15.
597 1128 753 1213 Dispares
786 1133 897 1195 tamen
928 1129 981 1196 his
1015 1133 1165 1198 omnibus
1194 1131 1272 1197 laer

154 1240 284 1305 Otrerae
312 1238 451 1302 formae:
485 1237 524 1300 da
554 1237 686 1321 quibus,
719 1237 873 1320 quoniam
902 1237 935 1302 id
964 1239 1005 1304 ad
1033 1237 1186 1305 Plautum
1208 1235 1271 1302 nihil

154 1347 307 1431 pertinet,
330 1366 415 1410 nunc
439 1365 507 1408 non
529 1343 643 1407 dicam.
667 1379 709 1388 -
739 1340 919 1426 Supersunt
941 1345 1007 1410 alia
1022 1346 1070 1431 ,de
1093 1346 1206 1431 quibus
1226 1365 1273 1409 noo

154 1452 269 1517 inutile
297 1451 397 1516 fuerit
426 1451 504 1516 olim
532 1450 642 1516 dedita
669 1472 769 1533 opera
791 1450 963 1536 disserere,
990 1456 1028 1517 ut
1056 1457 1273 1519 controversum
1301 1448 1307 1485 '⁵

153 1559 235 1623 illud
258 1558 355 1624 bisce
377 1555 533 1644 v.877*):
556 1557 607 1621 vel
629 1578 695 1622 non
717 1562 946 1623 controversae
969 1563 1003 1623 et
1023 1563 1136 1625 tamen
1159 1582 1178 1625 a
1198 1559 1276 1624 Lade

155 1666 254 1750 wigio
276 1686 381 1750 nuper
404 1666 613 1730 addubitatae
636 1664 759 1729 formae
776 1685 972 1747 peneum
994 1672 1158 1731 conruunt
1179 1665 1221 1753 (v.
1234 1666 1280 1733 au

155 1772 298 1855 reposita
322 1774 374 1853 [cf.
398 1795 429 1856 p.
453 1771 661 1857 cccxxan:
693 1770 744 1835 vel
774 1772 837 1853 fac
859 1775 892 1835 et
912 1772 996 1853 foce
1017 1772 1198 1838 formarum
1220 1772 1284 1860 (qui

156 1880 217 1944 bus
240 1881 506 1962 praetermissum
530 1880 628 1964 vulgo
649 1901 704 1963 per
726 1901 743 1943 e
768 1876 890 1944 Catulli
908 1878 1081 1964 xxvll,2
1106 1876 1287 1965 addendum)

158 1990 272 2050 mutua
295 1986 379 2050 ratio
403 1986 638 2051 v.174.1008:
662 1985 713 2049 vel
735 2006 795 2069 pro
818 1987 922 2068 speum
938 1987 1009 2068 ι’ρεα
1031 1985 1142 2069 posita
1164 2008 1307 2070 eumpse:

156 2114 261 2174 eapse
284 2116 312 2157 v.
328 2092 401 2157 800.
425 2093 499 2157 950.
522 2092 588 2156 974
611 2091 703 2156 alibi:
726 2091 779 2156 rel
802 2091 906 2158 bonos
928 2114 987 2176 pro
1010 2091 1110 2157 bonor
1132 2117 1162 2158 v.
1179 2094 1293 2180 663⁸)

17 2200 236 2265 nxxx1x69l:
272 2221 372 2263 unum
405 2204 455 2264 est
487 2204 596 2263 autem
633 2198 798 2284 quiddam,
836 2199 922 2284 quod
954 2200 1022 2265 iam
1054 2221 1143 2264 nunc
1178 2203 1297 2286 cupiam

156 2328 223 2371 non
245 2306 390 2391 ignorari
418 2329 438 2370 a
461 2305 693 2390 grammaticis.
738 2303 825 2370 Nam
848 2327 922 2370 cum
944 2305 1101 2390 frequens
1125 2307 1174 2372 sit
1196 2307 1231 2372 in
1251 2288 1307 2411 aul¹

157 2414 249 2497 tiquo
273 2433 420 2477 sermone
444 2411 667 2495 genetirorum
696 2411 731 2475 in
753 2432 812 2476 um
835 2413 1020 2477 exeuntium
1044 2435 1137 2498 usus,
1163 2437 1247 2500 quos
1268 2437 1301 2481 er

156 2540 245 2584 orsa-m
273 2521 457 2582 contractos
487 2516 611 2600 dicunt,
649 2522 685 2581 ut
713 2519 843 2582 celatum
870 2540 899 2582 v.
923 2519 1002 2602 241,
1038 2541 1208 2587 ratramnum
1235 2524 1301 2588 954

157 2626 230 2690 966.
254 2625 332 2706 970,
361 2646 524 2688 rrrrrummrr
547 2647 676 2689 caraem
703 2626 799 2706 1139,
832 2647 995 2689 reseraturum
1017 2626 1207 2709 Philippum
1230 2631 1302 2695 959:

157 2737 226 2795 tum
250 2731 284 2795 in
307 2731 359 2795 his
383 2731 540 2815 quaedam
565 2737 654 2814 sunt,
683 2753 765 2814 quae
790 2756 809 2794 a
831 2731 946 2796 Plauto
971 2733 1101 2816 quidem
1126 2757 1302 2822 numquam

158 2860 223 2902 non
255 2843 423 2904 contracta
454 2840 560 2902 forma
591 2838 677 2901 dicta
709 2838 783 2901 sint.
829 2836 903 2902 Non
931 2838 1168 2920 Philipporum·
1183 2848 1304 2910 tantum

158 2946 209 3010 vel
233 2946 467 3027 Philippeorum
494 2945 687 3010 inauditum:
722 2944 777 3007 sed
805 2946 833 3008 si
863 2944 939 3028 quid
967 2946 1060 3011 video
1085 2948 1199 3031 ipsum
1223 2974 1305 3016 narse

159 3073 286 3116 suorum.
342 3053 430 3127 Quae
462 3053 570 3117 forma
603 3075 674 3116 cum
710 3075 737 3115 v.
766 3052 830 3116 848
863 3051 898 3114 in
929 3073 1117 3118 erasmus-um
1154 3060 1306 3124 mutanda

157 3158 256 3222 fuerit
285 3159 416 3222 iubente
445 3163 520 3242 post
548 3166 712 3242 receptum
742 3181 780 3223 ex
808 3158 840 3222 A
867 3160 943 3241 qaia
971 3161 1068 3225 metri
1100 3168 1307 3249 necessit-ate,

159 3288 258 3329 unum
287 3266 391 3330 solum
420 3270 522 3330 restat
551 3266 634 3348 quod
659 3265 866 3348 trisyllabum
891 3267 1075 3350 genetivum
1099 3274 1240 3337 tueatur
1264 3297 1307 3337 ex·

159 3372 299 3455 emplum
323 3395 351 3436 v.
379 3375 453 3437 152:
483 3374 626 3437 Neurost:
649 3394 849 3436 eminuerunt
873 3373 1073 3456 l’lr-ilqrpcrorr
1096 3380 1142 3441 ud
1166 3382 1232 3443 triu
1258 3382 1307 3444 rui·

160 3479 289 3564 lr'rr.***)
336 3479 504 3562 Numquid
527 3479 628 3563 igitur
652 3479 816 3542 dubitabis
840 3481 975 3562 parvula
998 3483 1151 3548 immissa
1185 3488 1307 3569 syllaba

158 3587 219 3649 hoc
244 3610 370 3670 quoque
395 3586 483 3649 velut
507 3587 553 3649 sic
577 3585 615 3649 de
639 3586 745 3649 modio
769 3587 897 3651 tollere:

247 3728 351 3793 Nemo
375 3729 433 3793 bic
456 3734 519 3792 est:
544 3727 728 3792 Nummum
752 3728 959 3813 Philippeum
984 3731 1024 3794 ad
1048 3732 1113 3795 tria
1139 3735 1304 3799 urilin-Z‘

160 3870 348 3935 Contractis
373 3875 481 3935 autem
505 3871 565 3934 illa
588 3893 659 3934 cum
684 3893 749 3935 non
774 3872 817 3935 sit
841 3873 1008 3936 masculini
1032 3877 1164 3957 generis
1190 3879 1305 3941 linibus

159 3977 416 4061 circumscripta,
444 3979 500 4041 sed
528 3978 706 4042 rarioribus
731 3979 887 4062 exemplis
912 3980 1010 4043 etiam
1040 3981 1080 4044 ad
1111 3982 1307 4051 femininum

160 4083 337 4165 pertinens:
370 4085 640 4168 quemadmodum
670 4107 769 4148 unum
797 4085 861 4168 ipsi
890 4085 964 4149 libri
992 4088 1207 4170 suppeditant
1233 4091 1293 4153 dra

266 4275 291 4339 *l
311 4274 365 4346 [cf.
385 4274 486 4345 Opusc.
506 4276 574 4346 phil.
594 4277 619 4330 II
639 4296 664 4346 p.
685 4284 802 4345 tlfisq.;
823 4278 860 4332 IV
879 4296 905 4347 p.
927 4277 1000 4349 139]

248 4366 291 4433 **)
312 4365 411 4436 [bonor
429 4364 526 4434 Trin.²,
544 4368 576 4418 ut
595 4365 665 4419 Rud.
686 4367 706 4432 Ι,
726 4373 750 4432 3,
772 4374 804 4420 12
824 4367 899 4421 etin
918 4366 1081 4436 Scipionum
1100 4370 1185 4424 titulo
1202 4388 1225 4423 n.
1243 4377 1304 4425 38.

230 4452 288 4523 m)
309 4453 361 4524 [cf.
381 4471 443 4511 ann
463 4454 499 4508 ad
518 4473 543 4509 r.
556 4461 606 4508 152
625 4455 654 4508 in
674 4456 715 4509 ed.
731 4455 780 4510 alt.
795 4455 918 4524 itemque
933 4455 1034 4525 Opusc.
1050 4458 1121 4527 phil.
1137 4458 1172 4514 ΙΙ]
1191 4477 1215 4528 p.
1226 4463 1307 4528 ἱίῐη
