2836 5034
452 253 534 337 vair
559 266 795 340 wauuun'sus
819 293 960 342 uocaur

278 430 383 485 Forsan
402 429 530 486 Acidalio
549 447 584 486 ne
606 431 658 486 eim
677 431 802 501 pollutus
821 450 915 489 amore

349 519 567 590 Blandiciaeqne
586 520 664 590 alias,
683 522 773 578 lector
790 523 888 592 amice,
906 522 1009 578 times?

279 609 368 676 Hanc,
386 626 464 680 rogo,
484 609 638 665 sollicitam
656 614 732 666 tutus
751 610 786 666 de
804 613 918 681 pectore
937 628 1033 667 euram

350 696 455 753 Disiicc
474 714 526 754 uec
545 717 628 755 sensu
646 717 840 756 commovente
859 702 916 758 tuo.

279 787 357 843 Haeo
376 786 574 857 Capteivorum
593 805 678 858 qnam
696 790 796 858 cernis,
815 790 907 858 oredo,
925 789 1064 860 fabella*)

349 876 414 933 Non
435 878 479 931 est
497 878 643 934 obscoenis
661 878 867 934 commaculata
885 878 967 945 loois;

281 966 336 1021 Sed
355 966 439 1022 decor
457 970 487 1022 et
504 966 639 1036 probitas,
658 967 746 1022 virtus
766 983 912 1036 morerque
930 967 1026 1037 pudici

349 1053 499 1112 Materiam
517 1057 590 1112 libro
609 1056 777 1113 comtituere
796 1075 855 1114 eno:

280 1146 373 1212 Quare
391 1145 415 1198 si
434 1135 527 1215 sapiae
546 1147 646 1215 (neque
665 1145 739 1200 euim
757 1148 787 1201 te
805 1147 903 1202 fallare
922 1164 1001 1202 mens
1019 1149 1081 1216 est),

350 1235 431 1288 Hunc
450 1233 549 1290 volvas
567 1234 681 1305 placida
699 1234 812 1290 sedulus
830 1226 890 1306 ipse
909 1254 1002 1292 manu.

488 1508 511 1557 7.
548 1503 617 1557 Auf
632 1503 783 1558 Plautus'
802 1501 932 1558 Casina.

156 1611 225 1678 (Aue
246 1609 376 1666 ‘Caenina
394 1609 487 1666 Plauti
506 1608 649 1664 scitissimi
668 1608 838 1664 electissima
856 1606 1000 1664 Comedia'
1022 1609 1144 1680 Leipzig,
1164 1610 1169 1661 l

441 1698 538 1752 Lotter
558 1702 636 1766 1513,
660 1698 710 1753 auf
725 1697 790 1753 dem
808 1697 966 1766 Titelblatt)

324 1822 439 1880 Diooloe
456 1823 662 1892 tetrastrophos
680 1821 739 1878 Viti
757 1822 884 1878 Vuorleri
902 1823 933 1878 in
952 1821 1105 1877 Casainam.

350 1949 468 2004 Plautus
487 1948 623 2005 nectareis
641 1964 768 2018 promere
792 1948 919 2004 versibus

421 2038 527 2093 Doctus
545 2037 695 2108 Cecropios
713 2036 759 2092 vel
777 2037 875 2093 Latios
894 2035 975 2105 sales,

422 2127 510 2192 Quem
528 2127 628 2182 turbae
647 2126 745 2182 docilia
762 2127 915 2197 perpetuae
933 2139 1016 2179 sonna

422 2216 511 2271 Tollit
529 2216 606 2272 clara
623 2217 674 2271 sub
692 2216 821 2284 aethera,
976 2199 983 2218 ⁸

353 2306 493 2377 Spargere
510 2306 540 2360 iu
559 2305 651 2360 varios
670 2305 785 2360 flumina
802 2304 910 2360 rivulos

422 2394 566 2450 Musarum
583 2395 699 2450 modulo
719 2394 838 2449 dulciter
856 2410 955 2464 aspero

423 2483 566 2539 Caesiuam
584 2482 704 2537 incinuit
720 2498 777 2537 nou
794 2481 850 2537 niei
868 2482 904 2536 ad
923 2483 1045 2552 optimos

421 2572 541 2626 Virtutis
560 2571 677 2626 tetricae
696 2569 806 2639 gradus.
976 2567 978 2570 ’

352 2661 375 2713 Ο
395 2660 552 2730 quicunque
572 2659 659 2729 cupis,
678 2659 768 2714 lector
785 2658 915 2725 amiculo,

422 2749 539 2804 Parnaei
557 2748 675 2819 placidis
694 2765 779 2817 caepe
798 2749 939 2803 sororibus

424 2838 476 2893 Vel
496 2837 609 2893 Phoebo
629 2837 761 2892 comitem
779 2841 807 2891 te
827 2837 910 2891 simul
929 2837 1041 2904 addere,

422 2928 503 2981 Hunc
522 2930 553 2981 tu
572 2927 685 3019 perlege
705 2927 810 2982 sedulo.

372 3161 378 3175 ἡ
440 3200 465 3248 8.
502 3194 568 3249 Auf
585 3194 736 3249 Plautur'
756 3193 967 3249 Cistellaria.

169 3304 236 3369 (Ans
257 3301 428 3356 ‘Cistellaria
447 3301 603 3356 Scitissima
622 3304 651 3355 et
669 3301 869 3355 iucundissima
889 3300 981 3354 Plauti
1001 3300 1108 3354 fabula'
1132 3303 1168 3354 lie

385 3390 486 3445 Melob.
506 3389 603 3444 Lotter
623 3396 705 3458 1512,
724 3390 774 3444 aui
790 3389 854 3443 dom
873 3389 1032 3456 l‘itelbbut)

350 3515 432 3570 Vitus
461 3516 611 3570 Vuerlerus
643 3514 679 3569 ad
706 3514 929 3585 philomusaeam
957 3514 1068 3582 pubem.

298 3640 369 3693 llum
389 3639 513 3694 celebrat
530 3638 623 3694 varios
642 3638 823 3693 memorando
843 3639 965 3693 carmine
984 3639 1060 3692 luens

350 3728 437 3782 Vates
456 3727 500 3781 oui
518 3726 633 3780 titulum
654 3727 767 3781 Sarsina
785 3727 869 3782 docta
888 3727 974 3794 dedit,

297 3816 386 3870 Huius
404 3817 464 3869 tam
482 3815 591 3883 lepidos
611 3816 703 3870 subito
721 3815 813 3872 fecere
832 3816 942 3871 libellos

351 3902 444 3973 Musa,
463 3903 559 3972 Fides,
579 3904 687 3972 Pollae,
706 3905 816 3972 Gratia,
836 3904 977 3971 Phoebus,
997 3904 1091 3959 Honor

299 3992 335 4047 Et
353 3993 440 4059 labor,
459 3992 615 4063 ingenium,
635 3994 747 4062 candor,
765 3994 911 4061 facundia,
931 3993 1010 4061 rieus,

351 4082 387 4135 Et
405 4080 479 4137 nitor
498 4100 531 4137 ao
550 4083 605 4137 orie
624 4084 722 4152 lingna
740 4083 846 4137 diserta
865 4084 916 4150 sui,

298 4170 435 4240 Deliciae,
454 4172 558 4239 cultus,
578 4172 719 4240 sollercia,
739 4189 805 4227 cura
824 4173 960 4239 salesque,

210 4288 237 4401 ξ)
256 4332 325 4405 [[)11
342 4330 404 4385 bier
422 4331 665 4387 wiederlrchrende
684 4333 864 4402 proeodieche
883 4331 1026 4388 Sohnitzer
1043 4327 1144 4400 11111111
1164 4331 1169 4383 1

139 4444 169 4482 11
188 4422 305 4488 ecbeint,
323 4419 491 4490 uncorrigirt
508 4421 665 4490 gablieben.
703 4420 731 4475 C.
752 4421 808 4490 W.]
