2836 5034
453 334 685 382 nnrnnuscna
708 334 838 381 annau.
1149 316 1212 381 681

124 477 289 560 mboldtii,
304 475 428 560 Steinii,
447 474 698 542 Sebarnhorstii.
729 476 840 561 ltaque
860 476 985 541 iuvabit
1003 476 1098 541 hodie
1118 475 1158 540 ad
1177 498 1216 540 ca

125 581 184 647 imi
215 583 372 667 principis
394 583 540 649 facinora
564 584 708 650 animum
733 583 912 665 advertere,
939 604 1118 667 quaecum
1142 604 1214 647 nos-

124 711 129 749 ι
158 690 365 774 potissimum
394 692 575 756 rationibus
600 691 746 775 proximo
770 690 899 755 vinculo
930 689 1102 755 coniuncta
1130 694 1215 754 sunt.

124 794 201 860 enim
229 795 314 880 qnod
341 797 485 880 priorum
514 802 657 862 aetatum
687 796 844 861 memoria
873 799 906 859 et
935 796 1085 879 plurimis
1114 801 1148 860 et
1170 796 1216 861 in·

124 902 267 968 uioribus
291 903 446 987 exemplis
470 903 589 986 docuit,
612 903 643 968 id
667 926 727 969 nos
747 924 874 988 quoqne
894 902 1077 987 experimur
1096 924 1215 989 magno

124 1009 238 1073 nmodo
262 1013 389 1074 nostro:
413 1013 458 1093 ut,
482 1031 546 1094 quo
570 1009 716 1075 tristiora
738 1014 886 1095 tempora
909 1009 990 1092 sint,
1013 1009 1054 1074 ad
1078 1031 1214 1094 quorum

124 1114 328 1181 undationem
357 1115 468 1181 nullae
498 1117 565 1181 sint
595 1117 794 1200 privatorum
823 1117 991 1182 bominum
1019 1121 1144 1200 partes,
1175 1138 1213 1181 eo

124 1222 200 1286 avior
222 1221 262 1286 ad
287 1222 402 1288 horum
422 1223 547 1289 animos
567 1223 751 1307 placandos,
774 1223 998 1306 consolandos,
1024 1222 1215 1288 recreandos

124 1332 176 1393 ret
196 1329 340 1395 efficacia
362 1351 473 1395 corum
497 1330 677 1395 studiorum
702 1330 874 1413 sentiatur,
897 1329 1014 1414 quibus
1039 1351 1059 1393 a
1083 1329 1214 1415 lugubri

124 1432 243 1520 demque
271 1437 476 1503 infructuosa
504 1459 612 1502 rerum
640 1437 841 1521 publicarum
870 1435 1068 1521 cogitatione
1091 1436 1216 1501 abstra-

124 1562 187 1607 mur
205 1550 238 1608 ct
257 1545 298 1610 ad
319 1543 488 1609 laetiorem
508 1543 633 1609 vivendi
653 1543 873 1609 condicionem
892 1542 1108 1608 traducamur.
1137 1543 1216 1607 Tale

124 1651 178 1712 tem
208 1650 364 1716 solacium
394 1673 411 1713 e
441 1650 567 1714 liberali
598 1650 717 1715 artium
748 1651 994 1734 litterarumque
1022 1649 1217 1715 tractatione

124 1754 207 1819 titum
237 1760 273 1821 ut
300 1756 403 1821 libero
432 1760 466 1820 et
493 1755 620 1820 liberali
649 1756 794 1839 homine,
826 1756 853 1820 si
882 1755 1011 1840 quaudo
1039 1755 1216 1821 necessitas

124 1864 174 1944 get,
195 1885 397 1947 nequaquam
420 1863 588 1948 indignum
609 1867 667 1947 est,
690 1863 736 1927 ita
760 1884 903 1928 crescere
926 1862 1105 1928 multorum
1129 1885 1215 1929 com·

124 1967 224 2034 mione
253 1970 346 2035 solet
392 1970 507 2054 ltaque
535 1969 620 2054 quod
649 1969 743 2035 nobis
771 1968 887 2034 liceto
911 1968 1060 2053 publicae
1083 1969 1214 2034 calami·

124 2072 152 2137 is
173 2076 331 2160 angustiis
356 2076 396 2141 ad
424 2076 507 2141 bauo
531 2076 752 2142 honestissimi
778 2075 838 2141 otii
862 2075 1049 2140 laetabilem
1073 2076 1214 2141 fructuo-

124 2201 201 2266 nque
231 2182 421 2248 societatem
446 2183 572 2248 animos
596 2187 723 2248 nostros
747 2182 1121 2270 mentesquereeipere,
1145 2204 1212 2245 eas-

124 2307 139 2349 o
156 2289 302 2375 regiones
322 2289 426 2354 colere
445 2288 615 2373 inquibus
634 2289 697 2373 ipsi
712 2289 922 2372 dominemur,
939 2287 1061 2353 nullius
1080 2288 1216 2352 arbitrio

124 2396 203 2459 noxii
222 2396 382 2480 nullisque
401 2396 464 2460 nisi
485 2395 630 2460 veritatis
650 2393 808 2459 limitibus
827 2394 1072 2479 circumscripti,
1090 2393 1124 2459 id
1144 2418 1216 2480 pro·

124 2501 158 2565 :to
179 2502 211 2567 in
235 2503 410 2586 praeclaris
435 2500 615 2566 Furnaurcr
641 2500 818 2566 lennnnl
842 2501 1007 2566 beneficiis
1030 2501 1213 2566 habendum

124 2626 145 2668 ve
164 2609 215 2673 vix
240 2631 394 2693 nmquam
419 2614 487 2673 tam
512 2608 677 2673 evidenter
700 2609 772 2692 ipsa
796 2615 957 2692 tempora,
986 2630 1082 2692 quarn
1107 2609 1139 2673 in
1162 2608 1214 2672 his

124 2732 155 2776 ac
176 2714 271 2780 bodie
295 2738 353 2800 per
367 2715 574 2780 Germaniam
599 2715 749 2780 obtinent
772 2715 921 2797 miseriis,
944 2714 1121 2780 docuerunt
1144 2736 1213 2798 per-

124 2826 312 2905 aseruntque.
358 2821 450 2898 Quod
480 2821 669 2887 beneficium
697 2821 827 2885 tametsi
856 2821 976 2886 scimus
1005 2843 1070 2886 non
1098 2824 1212 2886 nostra

124 2921 199 2992 ivata
221 2951 335 2993 caussa
359 2928 515 2993 collatum
539 2949 619 3010 esse,
643 2927 698 2992 sed
722 2927 762 2992 ud
787 2928 929 2993 rationes
950 2928 1117 2993 universas
1138 2928 1214 2992 civi·

124 3027 161 3116 is,
182 3035 343 3117 ecclesiae,
368 3035 454 3100 vitae
477 3033 676 3098 adiuvandae
700 3034 968 3118 adornandasqne
987 3038 1143 3119 spectare,
1167 3039 1212 3100 ta·

124 3155 146 3200 n
173 3141 248 3224 quid
278 3142 414 3226 impedit
442 3142 624 3226 quominus,
647 3163 729 3224 qnae
752 3146 881 3227 praeter
903 3142 1069 3225 publicam
1094 3143 1213 3208 utilita-

124 3261 138 3304 n
167 3246 256 3311 illiue
284 3249 381 3313 etiam
412 3249 538 3332 privata
561 3246 733 3313 commoda
756 3247 950 3331 redundant,
981 3250 1029 3313 eis
1053 3253 1090 3313 ut
1112 3249 1215 3313 subsi-

125 3346 154 3416 is
186 3361 218 3419 ct
251 3355 440 3420 adventiciis
473 3359 568 3439 grato
602 3354 709 3418 arsiuro
742 3355 912 3419 fruamur?
967 3355 1004 3419 ln
1042 3354 1216 3437 eodemque

124 3475 189 3524 iere
219 3461 247 3524 ai
277 3462 317 3526 ab
346 3460 406 3525 bae
435 3466 548 3526 nostra
572 3459 739 3524 Musarum
770 3459 844 3524 sede
872 3460 906 3524 in
930 3460 1012 3524 alias
1036 3462 1216 3525 communis

124 3566 197 3631 uiue
222 3571 330 3651 partes
355 3567 465 3633 oculos
489 3566 757 3647 converterimus,
786 3566 880 3650 lenge
904 3565 1002 3629 etiam
1028 3566 1156 3631 uberior
1179 3591 1216 3632 ue

124 3672 266 3739 nleutior
303 3673 511 3756 praedicandi
549 3672 783 3756 venerandique
821 3671 1002 3736 l'sslnn‘nlcl
1039 3673 1216 3739 lennnnl

124 3779 208 3843 teria
233 3780 384 3862 suppetit.
416 3778 562 3863 Namque
582 3779 668 3842 alma
686 3778 846 3843 lthenana
865 3800 929 3862 quo
948 3782 1093 3863 tempere
1113 3781 1216 3845 muni·

124 3885 284 3949 entissime
299 3885 390 3948 Illius
409 3885 547 3950 consilio
566 3884 696 3949 condita
715 3890 773 3968 est,
797 3885 861 3949 iam
886 3885 920 3949 in
943 3885 1033 3968 pacis
1052 3888 1217 3952 alumnam

124 3986 262 4055 icitatem
294 3997 326 4056 ct
358 3992 629 4077 tranquillitatem
660 3993 794 4057 bellicae
825 3992 940 4057 turbae
971 3998 1135 4057 cesserant
1165 4017 1217 4058 ex·

124 4118 230 4182 raeque
259 4098 402 4162 bostium
431 4099 508 4183 iugo
537 4120 601 4162 non
625 4098 795 4183 pristina
818 4101 946 4163 tantum
970 4102 1003 4163 et
1025 4099 1161 4164 libertas
1185 4104 1218 4164 et

124 4207 218 4269 testae
237 4210 434 4288 recuperata
453 4210 532 4288 erat,
556 4205 611 4270 sed
631 4205 742 4271 eadem
764 4205 856 4270 novis
876 4205 1083 4270 incrementis
1103 4205 1218 4289 copiis·

124 4332 134 4375 a
162 4311 335 4396 insigniter
363 4316 466 4376 aucta.
514 4312 560 4376 At
588 4313 621 4376 in
651 4312 825 4376 maximam
855 4311 977 4396 Regiae
1009 4311 1217 4377 liberalitatis

124 4417 321 4485 nirationem
345 4419 461 4484 merito
485 4418 673 4505 abripimur,
696 4441 768 4484 cum
792 4418 850 4483 illa
874 4423 1022 4503 tempora
1044 4418 1129 4501 apud
1150 4419 1216 4483 sni-
