2886 5032
165 339 230 403 522
455 348 718 398 rnoceoouuua
741 348 789 394 nn
813 346 1025 394 airrouinvs

165 497 255 562 Idem
280 500 390 560 autem
413 494 493 558 illud
516 493 549 556 in
574 514 602 556 v.
625 492 691 555 269
702 512 749 574 sq.
772 490 860 554 eadit
882 489 1005 554 usitato
1034 489 1146 555 ordine
1168 511 1233 553 sese
1252 509 1280 552 er

166 604 338 687 cipientes:

328 731 360 796 St
373 744 468 795 tamen
482 757 552 809 quos
566 738 683 793 miseros
697 737 822 807 [misere]
842 737 971 805 maleque
989 736 1095 791 habeas

328 831 403 896 Quos
439 828 492 884 tibi
525 827 660 884 obnoxios
692 826 798 897 [facile]
817 826 949 896 iecisti.*)

15 938 39 958 ¹*
99 992 152 1033 ccc
167 960 216 1025 Ne
242 959 318 1044 quid
347 961 454 1022 autem
479 956 691 1021 dubitationis
720 955 800 1020 illud
824 958 956 1019 moveat
979 953 1067 1038 quod
1089 954 1137 1019 ita
1159 957 1280 1019 contrari

167 1065 427 1133 collocandorum
460 1086 613 1129 versuum
647 1062 775 1128 ordines
808 1062 914 1127 locum
948 1062 1102 1128 babuisse
1118 1044 1169 1124 ¹iu
1198 1059 1280 1124 eodan

167 1174 308 1240 carmine
337 1170 475 1255 putandi
503 1175 592 1235 sunt:
628 1169 794 1234 sciendum
824 1172 875 1233 est
904 1191 976 1234 eam
999 1170 1107 1255 ipsam
1131 1169 1279 1233 inconstan-

167 1282 248 1347 tiam
272 1280 322 1345 vel
345 1282 532 1344 nostrorum
557 1277 702 1343 codicum
722 1276 868 1361 exemplo
892 1276 1101 1343 manifestam
1121 1298 1200 1341 esse:
1221 1271 1278 1358 quod

167 1389 262 1473 quale
286 1387 330 1451 sit
353 1386 418 1450 iam
442 1385 666 1469 explicandum
690 1407 760 1450 esse
784 1384 876 1449 video
900 1385 1092 1449 accuratius,

255 1491 342 1557 Nam
371 1496 407 1557 ut
435 1492 582 1558 codicum
606 1515 682 1557 mss.
705 1492 740 1556 in
762 1491 825 1557 hoc
848 1512 978 1577 genere,
1007 1491 1094 1576 quod
1118 1492 1158 1555 ad
1184 1489 1279 1555 liberio

166 1624 238 1665 rum
263 1605 439 1665 metrorum
463 1600 705 1684 discriptionem
729 1603 868 1683 spectat,
894 1621 961 1664 non
989 1598 1032 1664 sit
1055 1621 1184 1663 summa
1204 1598 1280 1661 aucto

166 1708 263 1790 ritas,
296 1712 407 1771 tamen
437 1708 540 1772 multo
573 1707 671 1772 etiam
703 1706 809 1771 minus
841 1704 999 1770 credenda
1030 1709 1082 1769 est
1113 1705 1201 1769 nulla
1228 1720 1279 1767 esst

166 1813 215 1878 De
239 1813 456 1879 Ambrosiano
481 1818 513 1878 et
536 1814 646 1879 Veteri
665 1813 814 1878 Palatino
833 1812 867 1878 B
885 1812 1014 1896 loquor:
1037 1834 1114 1876 nam
1134 1816 1280 1877 ceterorun

167 1921 312 1984 omnium
340 1921 405 1985 iam
420 1944 533 2006 supra
560 1921 626 1986 dixi
654 1943 858 1986 communem
887 1941 957 1984 esse
985 1919 1071 1986 hanc
1095 1918 1280 1984 rationemul

167 2048 298 2110 prorsus
328 2028 457 2094 sublata
486 2029 689 2114 singulorum
717 2049 869 2092 versuum
897 2011 1106 2091 distinctione
1132 2028 1171 2092 ad
1199 2042 1280 2110 prosu

168 2134 324 2200 orationis
353 2136 493 2219 speciem
522 2137 633 2202 omnia
665 2134 865 2200 continuent.
911 2132 974 2199 Sed
1000 2134 1033 2197 A
1061 2138 1094 2198 et
1122 2135 1158 2199 B
1189 2130 1280 2199 etsiir

167 2240 348 2306 Trinummi
372 2244 499 2308 cantico
524 2266 544 2308 a
567 2265 665 2308 manu
687 2245 804 2326 poetae
827 2263 868 2305 ne
887 2241 949 2325 ipsi
969 2240 1100 2325 quidem
1120 2264 1187 2305 non
1205 2241 1280 2323 aliqu

166 2348 341 2415 intervallo
360 2350 492 2433 distant,
515 2354 625 2414 tameo
644 2351 748 2414 altera
767 2371 806 2413 ex
828 2353 921 2433 parte
944 2347 1078 2432 pristini
1102 2348 1222 2413 ordinis
1238 2346 1280 2430 plu

167 2455 250 2520 rima
277 2457 417 2543 vestigia
445 2461 629 2540 servarunt,
657 2462 755 2542 atque
782 2457 862 2522 adso
890 2455 1059 2540 aliquanto
1087 2457 1183 2540 plura
1209 2456 1280 2519 Vetn

167 2585 263 2649 quam
283 2564 528 2631 Ambrosianus.
567 2562 666 2630 Cuius
685 2570 795 2629 tamen
814 2563 898 2629 ratio
918 2562 1157 2648 discrepantiae
1176 2565 1280 2649 plerum

168 2692 228 2754 que
248 2670 327 2735 haec
347 2676 475 2735 tantum
495 2675 551 2756 est,
576 2671 663 2756 quod
682 2693 762 2755 quos
782 2671 835 2735 ille
859 2692 970 2735 versus
994 2669 1188 2754 singillatim
1212 2666 1280 2749 scrip

166 2783 231 2861 tos,
261 2778 313 2841 hio
336 2778 487 2842 binorum
512 2778 545 2841 in
570 2800 670 2842 unum
694 2779 912 2843 contractione
941 2778 1150 2842 continuatos
1175 2776 1280 2843 exhibet

166 2885 202 2948 ld
227 2889 333 2949 autom
359 2907 453 2949 omne
483 2885 636 2968 quoniam
659 2885 754 2948 facilc
783 2884 984 2968 intellegitur
1007 2884 1080 2948 sola
1104 2883 1280 2949 annot-atior<

166 3013 231 3054 non
255 2991 399 3074 potuisse
423 2991 489 3055 ullo
513 2991 608 3055 modo
629 2993 724 3075 quale
743 2995 828 3056 esset
848 2992 928 3056 satis
948 2992 998 3054 vel
1024 2992 1119 3075 pleno
1143 2994 1192 3057 vel
1214 2991 1280 3075 plant

166 3098 355 3182 significari,
383 3099 510 3182 integra
537 3098 684 3181 exempla
707 3102 835 3162 exstare
860 3097 946 3161 volui
970 3103 1093 3182 quanta
1118 3100 1222 3184 poturit·
1241 3093 1280 3160 fide

165 3210 417 3287 repraesentata,
440 3207 581 3288 primum
607 3205 869 3270 membranorum
895 3205 1200 3271 Ambrosianaruru:
1227 3205 1280 3269 alte

166 3333 236 3375 rum
261 3311 388 3376 Veteris
413 3314 545 3378 codicis:
570 3314 687 3397 quibus
712 3314 844 3378 tertium
869 3312 976 3378 addidi
1001 3314 1065 3377 mei
1091 3315 1166 3379 libri
1185 3316 1222 3394 E,
1241 3330 1280 3394 qu(

166 3419 203 3482 de
233 3420 400 3485 Vrsiniani
431 3443 557 3504 quoque
588 3421 681 3504 eique
712 3420 871 3484 simillimi
899 3417 1069 3483 Deourtati
1102 3421 1207 3486 indole
1235 3437 1280 3483 ror

165 3530 275 3591 staret.
322 3527 466 3603 Quorum
490 3527 710 3609 exemplorum
733 3528 818 3589 inter
846 3549 880 3590 se
909 3525 1085 3591 collatione
1116 3530 1228 3613 simul,
1250 3540 1280 3608 pe

164 3658 245 3719 quos
274 3639 441 3718 tamquam
475 3635 593 3718 gradus
625 3634 828 3698 saeculorum
859 3632 994 3697 decursu
1025 3634 1217 3717 depravatio
1246 3649 1280 3699 ul

165 3741 257 3823 verit,
282 3741 405 3805 utiliter
429 3763 499 3805 esse
524 3746 599 3805 ante
624 3741 735 3805 oculos
760 3740 902 3823 positum
928 3741 1146 3827 existimo.**)

40 3889 151 3931 eccm
254 3847 376 3912 Horum
402 3849 502 3931 igitur
526 3848 746 3931 exemplorum
770 3869 832 3932 opo
856 3849 917 3911 etsi
942 3847 1156 3914 Ambrosiani
1175 3850 1280 3916 Veteri

164 3977 225 4039 que
254 3977 326 4018 cum
355 3954 604 4037 discrepantiam
634 3958 704 4017 tum
735 3954 1009 4031 convenientiam,
1039 3954 1095 4037 qui
1127 3958 1232 4040 volet,
1261 3982 1278 4022 u

269 4202 295 4269 ⁴¹)
314 4203 400 4272 [Quds
418 4203 470 4256 liti
486 4203 576 4269 fecisti
594 4203 724 4256 obnoxios
742 4201 843 4268 Trin.²]

252 4292 293 4359 **)
314 4290 401 4359 [llaec
425 4290 551 4344 codicum
577 4291 705 4360 exempla
727 4290 792 4344 inde
816 4306 878 4359 apr.
899 4304 960 4344 <teor
985 4308 1076 4360 usque
1098 4293 1138 4347 ad
1159 4315 1187 4366 p.
1207 4314 1280 4354 cm

164 4381 256 4449 posita
285 4396 358 4433 nunc
390 4382 541 4447 potuerunt
565 4380 671 4447 omitti,
697 4398 760 4434 cum
784 4380 911 4434 correcte
937 4380 965 4432 in
990 4378 1171 4449 praefatione
1200 4387 1280 4442 alter}

164 4467 318 4522 Trinummi
337 4465 469 4522 editionis
488 4469 618 4538 legantur
637 4488 662 4539 p.
683 4483 805 4525 xxm-
819 4470 927 4538 xnucu]
