2886 5032
53 334 56 338 -
121 290 187 354 696
349 300 585 350 aararnrsoma
610 286 831 368 aasentias,
848 266 1044 365 'anaassau
1282 106 1287 345 i

124 471 144 512 a
167 446 262 510 nobis
287 445 551 529 pronuntiatione
575 444 773 529 compellari.
810 443 985 509 Habuistis
1005 468 1062 512 vos
1077 445 1227 511 nonninus

123 575 221 638 quam
245 555 383 636 nosmet,
406 573 504 635 quam
528 553 612 617 cives
636 552 789 636 universi,
813 552 898 637 quod
919 575 1048 618 summa
1065 553 1149 618 vobis
1162 551 1229 615 bene
1285 602 1287 609 .

124 660 198 725 ficia
226 658 551 743 congratularemini,
580 659 696 743 quibus
725 681 799 724 eum
827 659 970 744 reliquas
999 663 1106 744 partes
1127 656 1232 724 civitatis

126 770 197 831 tum
212 765 331 830 almam
347 765 431 830 hanc
445 765 628 830 litterarum
649 765 767 850 sedem,
791 766 880 831 cuius
900 766 987 833 adeo
1001 766 1142 831 conditor
1156 760 1235 830 extitit

126 872 383 955 liberalissimus,
400 868 410 956 t
434 870 646 938 Faronnlcvs
670 871 875 940 lenunnvs
903 872 985 939 111¹?
1009 873 1078 939 Rex
1098 871 1236 958 Angustia

128 980 229 1053 simus
255 977 267 1063 11
293 978 470 1043 cumulavit
503 982 635 1044 aeterna
666 1001 753 1044 nunc
784 983 921 1045 naturae
953 981 1143 1046 necessitate
1169 976 1237 1043 nobis

128 1086 284 1170 vobisque
303 1090 441 1169 ereptus.
470 1085 532 1162 Qui
551 1089 762 1171 posteaquam
782 1086 893 1152 divino
912 1087 1068 1154 beneficio
1082 1109 1139 1173 per
1154 1104 1239 1151 norem

128 1193 229 1257 ferme
257 1193 376 1275 lustra,
405 1214 479 1257 raro
507 1193 592 1258 inter
622 1193 777 1275 mortales
806 1193 969 1278 exemplo,
996 1194 1184 1279 reipublicae
1202 1212 1241 1278 gu·

130 1299 304 1364 bemacula
332 1303 400 1364 tam
428 1303 462 1364 et
489 1299 620 1365 fortiter
643 1304 677 1365 et
699 1300 861 1385 sapienter
890 1303 923 1367 et
946 1300 1122 1366 elementer
1142 1306 1171 1366 et
1188 1318 1241 1365 aero

129 1406 267 1471 feliciter
289 1407 383 1491 rexit,
407 1410 443 1470 ut
464 1428 524 1471 nec
547 1405 579 1471 in
605 1409 749 1472 extrema
774 1408 900 1493 patriae
919 1406 1107 1473 calamitate
1125 1410 1242 1474 constan·

129 1515 209 1578 tiam
238 1535 296 1577 nec
324 1511 360 1577 in
386 1534 541 1598 prospera
570 1535 676 1577 rerum
701 1514 844 1578 omnium
868 1513 1002 1579 fortuna
1026 1514 1242 1601 temperantiam

129 1619 338 1702 desiderares,
351 1641 461 1718 ,prope
485 1641 725 1686 consummasse
749 1620 827 1686 boni
850 1621 1008 1707 principis
1033 1623 1198 1709 imaginem
1214 1617 1243 1682 ri·

132 1727 200 1791 deri
224 1729 341 1811 potest.
387 1726 478 1791 Talis
506 1727 593 1813 regis
622 1730 659 1792 ut
681 1728 769 1812 piam
794 1733 986 1813 gratamque
1011 1731 1192 1796 memoriam
1210 1746 1244 1791 oo

129 1833 220 1915 latis,
247 1855 312 1898 non
340 1833 418 1898 estis
447 1834 611 1918 monendi,
640 1835 889 1901 commilitones:
918 1836 1028 1921 exiget
1056 1837 1140 1902 enim
1164 1835 1244 1899 hoca

131 1940 223 2005 vobis
246 1944 353 2004 vester
375 1940 521 2025 ipsorum
544 1942 686 2007 affectus.
729 1942 792 2019 Qui
815 1943 1089 2029 quemadmodum
1112 1943 1197 2008 triste
1211 1936 1244 2000 dc

131 2045 285 2110 siderium
309 2043 563 2112 Clementissimi
585 2047 686 2132 Regis
712 2047 779 2114 vita
808 2049 904 2115 modo
934 2050 1078 2117 defuncti
1111 2048 1245 2116 nobiscum

131 2153 390 2238 communicatis,
419 2155 467 2218 ita
495 2153 534 2218 ad
563 2176 621 2220 vos
646 2177 711 2220 non
735 2155 841 2220 minus
864 2178 962 2241 quam
986 2159 1027 2223 ad
1051 2157 1187 2242 reliquos
1205 2151 1245 2216 Bc

131 2283 240 2326 russos
264 2261 424 2346 pertinere
448 2282 520 2326 eam
543 2262 798 2348 venerationem,
826 2266 1010 2349 caritatem,
1039 2259 1247 2330 oboedientiam

132 2368 383 2452 arbitrabimini,
398 2389 479 2453 quae
493 2367 559 2432 iam
573 2365 583 2455 t
600 2367 684 2455 Regi
698 2370 941 2455 Augustis'aimo
960 2370 970 2453 j}
988 2370 1177 2435 hlomnlco
1190 2364 1247 2430 Ga·

131 2492 250 2540 nanno
274 2473 339 2539 llII
361 2472 371 2559 t
393 2473 528 2539 debetur
556 2496 622 2540 non
649 2476 740 2561 regni
768 2479 911 2560 tantum,
939 2477 996 2542 aed
1027 2478 1126 2542 etiam
1148 2468 1247 2539 virtum

131 2587 286 2666 paternae
301 2584 335 2644 et
349 2580 469 2645 amoris
484 2581 651 2665 popularis
667 2581 785 2647 heredi.
814 2580 914 2648 Cuius
929 2584 1109 2669 ingenium,
1123 2581 1247 2655 doctrin,

131 2687 396 2770 humanitasque
416 2686 555 2751 laetiora
574 2688 697 2771 sperari
716 2688 794 2773 ipsis
814 2688 934 2753 litteris
954 2690 1143 2774 artibusque
1157 2684 1247 2759 iubent

136 2818 173 2860 eo
194 2794 298 2878 magis
323 2796 466 2858 vestrum
491 2816 560 2858 esse
584 2794 808 2859 intellexeritis
833 2817 944 2877 preces
969 2799 1002 2859 et
1025 2803 1102 2861 vota
1121 2784 1245 2861 exanimi

135 2903 296 2967 sententia
318 2886 423 2965 faeere
447 2924 505 2984 pro
530 2902 634 2966 salute
658 2901 763 2966 Patris
787 2901 927 2985 Patriae,
950 2903 1000 2967 cui
1016 2902 1105 2968 Dens
1121 2904 1246 2987 optuma

133 3009 302 3088 Maxumus
330 3008 413 3073 faxit
441 3009 487 3072 uti
516 3009 609 3072 bonis
639 3010 802 3074 ominibus
827 3015 977 3093 suscepto
1006 3011 1142 3096 imperio
1170 3003 1248 3073 felicia

132 3117 241 3180 fausta
263 3117 431 3180 fortunata
455 3121 598 3200 quaeque
623 3117 781 3182 eveniant.
818 3116 942 3182 Valete.

223 3222 288 3287 Ser.
311 3221 445 3286 Bonnae
470 3221 567 3287 Vllll
597 3222 668 3287 Kal.
691 3222 749 3287 Iul.
774 3247 801 3287 a.
826 3240 1096 3291 clolocccxxxx.

600 3438 810 3446 ———-..-—

690 3581 720 3643 2.

134 3719 337 3802 Ansehlag
366 3722 430 3784 der
458 3719 609 3785 Bonner
633 3722 879 3786 Universitiit
907 3723 969 3787 bei
1000 3725 1083 3788 dem
1112 3718 1255 3809 prenssi·

428 3827 543 3891 schem
567 3828 866 3894 Thronwechsel
894 3831 988 3894 1861.

223 3969 341 4032 [tector
365 3973 397 4033 et
421 3967 558 4035 Senatus
577 3971 587 4052 ΙΙ
608 3970 837 4035 Vniversitatis
857 3971 1052 4040 Fridericiae
1072 3972 1256 4043 Guilelmiao

134 4075 310 4140 Rhenanae
328 4076 339 4157 t
357 4073 641 4140 Commilitonibus
659 4077 670 4158 ΙΙ
688 4076 718 4140 S.

223 4185 294 4259 Quo
322 4205 407 4247 nunc
435 4184 524 4247 luctu
553 4185 746 4267 gravissimo
771 4186 878 4268 patria
901 4187 1053 4252 universa
1077 4189 1193 4252 afflicta
1214 4185 1259 4257 est,

135 4289 202 4353 eius
222 4312 369 4354 caussam
391 4290 597 4373 praeeipuam
617 4292 808 4376 intellegitis
829 4293 868 4355 ad
889 4315 949 4357 nos
969 4317 1091 4377 vosque
1110 4294 1258 4377 pertimere,

135 4395 189 4479 qui
204 4397 367 4462 communi
381 4398 546 4462 consortio
567 4399 670 4462 almae
685 4397 710 4461 F
712 4399 881 4463 ridericiae
897 4399 1090 4465 Guilelmiae
1106 4400 1257 4464 Rhenamae
