2836 5034
148 335 215 398 440
437 345 702 396 raonuoonuaa
724 345 772 391 na
794 343 1007 393 samorrnvs

150 494 343 558 documento
368 513 437 556 csse
461 493 611 574 possunt,
635 488 777 553 severius
800 510 899 573 quam
922 486 1031 551 uerius
1054 486 1100 552 sic
1121 490 1211 569 statui,
1226 496 1249 552 ut

150 599 300 685 proxima
327 601 404 682 post
432 598 570 661 solutam
600 596 699 660 arsim
729 594 858 679 syllaba
884 594 1070 661 necessario
1096 616 1160 659 esse
1184 596 1251 679 longa

151 707 285 771 dicatur.
330 705 393 769 Est
417 727 455 769 ea
478 704 665 787 plerumque
688 704 800 789 longa:
824 701 882 767 sed
903 723 964 766 nec
986 702 1198 767 necessitatem
1212 703 1253 767 hoc

114 838 119 847 ·
151 812 252 876 habet
273 831 333 874 nec
357 809 454 873 aliam
479 830 640 892 caussam,
668 830 762 893 quarn
793 807 879 893 quod
907 808 1041 874 omnino
1069 807 1102 873 in
1123 808 1255 875 bocbdcis

111 954 114 961 -
152 917 317 981 tribracho
346 916 442 1001 longe
471 915 674 999 frequentior
696 919 746 979 est
769 918 981 999 anapaestus,
1013 915 1048 979 iu
1070 914 1205 981 iambicis
1221 913 1257 978 tri·

153 1023 272 1088 bracho
296 1023 432 1106 ipsoque
455 1022 565 1087 iambo
589 1021 788 1106 frequentior
812 1022 974 1106 spondeus
998 1021 1052 1086 vel
1074 1021 1218 1106 dactylus.

242 1129 378 1193 Perraro
417 1133 525 1193 autem
562 1129 862 1213 monosyllaborum
899 1128 1034 1192 licentia
1073 1127 1134 1193 illa
1170 1128 1263 1193 videtu

153 1236 251 1300 etiam
276 1233 317 1298 ad
340 1233 548 1318 polysyllaba
571 1235 733 1299 translata
757 1257 837 1299 essa.
882 1233 960 1300 Non
983 1233 1122 1299 Plautus
1144 1234 1215 1316 fuit,
1233 1232 1267 1299 al

153 1341 313 1408 recentior
342 1341 473 1425 aliquis,
506 1363 526 1404 a
553 1363 616 1424 quo
645 1340 725 1424 prol.
749 1340 845 1405 Marc.
872 1340 912 1405 13
935 1341 1007 1428 aidi
1027 1342 1179 1406 ansatum
1198 1341 1271 1421 fourr

154 1449 334 1534 profectum
358 1468 428 1511 esse
451 1468 517 1512 non
540 1469 638 1512 ausus
662 1469 734 1512 sum
757 1467 876 1532 negare
899 1446 1066 1532 Parergon
1091 1470 1122 1530 p.
1150 1447 1198 1512 18.
1242 1444 1277 1510 ll

154 1555 341 1619 Hermanno
366 1553 497 1637 probari
521 1554 615 1618 video
639 1557 823 1637 correptum
852 1554 886 1617 in
908 1553 1086 1618 bacchiaco
1110 1557 1185 1618 ante
1207 1575 1281 1619 voca

155 1662 219 1726 lem
243 1661 449 1744 trisyllabum
473 1661 572 1744 cupito
594 1660 691 1726 Poen.
714 1661 740 1744 I,
763 1662 794 1744 2,
817 1662 873 1727 31:

245 1802 344 1867 Soror
367 1802 478 1887 cogitet
501 1803 629 1885 amabo,
652 1802 731 1866 item
754 1825 815 1868 nos
838 1802 1012 1888 perhiberi.

155 1944 241 2008 Hinc
265 1944 393 2010 defendi
416 1949 568 2031 potuerat
591 1945 625 2009 in
648 1944 735 2009 Trin.
762 1945 840 2009 272:

244 2076 333 2151 Bdni
357 2086 421 2150 sibi
443 2086 525 2150 hacc
548 2088 716 2170 expetunt:
741 2087 818 2169 reru,
840 2086 940 2166 fidem,
962 2087 1128 2173 bonorem,

156 2234 192 2295 ut
214 2219 296 2295 abac
318 2229 368 2294 la
399 2228 465 2292 sint
494 2250 554 2311 pro
584 2251 649 2293 una
678 2228 777 2313 longa
807 2229 868 2309 [sic
886 2228 1021 2312 ‚pn-„pp
1059 2232 1125 2297 nisi
1158 2232 1289 2317 perfurit

153 2341 231 2422 post
252 2358 300 2400 cru
323 2336 468 2401 excidere
491 2341 521 2401 ct
540 2335 692 2420 potuerit.
726 2335 765 2400 In
779 2335 998 2401 Mostellariae
1021 2360 1119 2403 versu
1146 2339 1206 2424 IV,
1216 2340 1289 2421 233

247 2478 332 2555 Quos
354 2479 502 2544 bomini?
538 2477 605 2543 PH.
631 2501 682 2543 oro
707 2479 833 2544 nostro:
864 2500 997 2562 quaeso,
1021 2468 1180 2564 quotiens
1205 2480 1289 2547 dicun

1010 2585 1124 2650 drimst
1150 2589 1213 2651 tibi

157 2751 221 2793 non
251 2732 326 2792 sunt
354 2750 412 2811 pro
442 2730 618 2809 anapaesto
642 2730 692 2789 -ni
713 2750 763 2790 ero
788 2729 947 2810 syllabae,
970 2729 1025 2792 sed
1050 2731 1085 2792 ai
1109 2731 1289 2814 producitur

158 2859 221 2899 una
246 2840 352 2898 autern
378 2835 506 2918 syllaba
530 2834 756 2916 pronuntiatur
780 2857 838 2912 cro,
863 2841 898 2899 ut
918 2836 950 2898 in
970 2838 1189 2919 anapaestico
1210 2837 1289 2902 Stich

157 2942 203 3023 ll,
230 2945 256 3024 l,
280 2944 335 3006 40:

246 3083 352 3148 Nimis
375 3084 493 3147 uellem
518 3082 579 3146 hae
603 3083 687 3146 fores
711 3104 798 3146 eninr
819 3083 994 3167 frigissent:

158 3226 195 3288 de
219 3248 283 3308 quo
308 3247 377 3308 cap.
401 3224 448 3288 XI
473 3226 515 3307 [p.
540 3226 618 3305 394]
644 3225 773 3289 dietum.

248 3331 354 3415 Atque
383 3332 416 3395 hi
446 3330 576 3417 quidem
598 3329 708 3394 hiatus
732 3332 765 3394 in
794 3332 886 3414 arsi,
919 3334 947 3395 si
971 3335 1068 3397 modo
1092 3337 1196 3418 fiunt,
1232 3340 1288 3400 fiuu

158 3460 281 3502 omnes:
306 3437 422 3521 quibus
447 3438 550 3501 multo
575 3437 672 3500 etiam
696 3437 886 3502 incertiores
911 3444 988 3502 sunt
1008 3441 1063 3523 qui
1083 3442 1223 3507 admissi
1242 3465 1289 3505 ess

69 3567 142 3606 coru
157 3544 191 3606 in
216 3545 318 3607 thesi
343 3548 506 3627 puta-ntur.
553 3543 580 3606 Ε
605 3544 722 3626 quibus
746 3545 851 3607 minus
876 3544 1086 3609 dubitationis
1114 3571 1215 3630 quarn
1239 3548 1287 3631 reli

159 3651 214 3731 qui
247 3651 295 3713 illi
329 3651 464 3734 habent,
497 3673 568 3714 cum
601 3652 826 3733 anapaesticus
858 3652 1025 3715 anacrusis
1056 3654 1150 3736 prior
1180 3654 1289 3738 syllaba

159 3758 388 3839 monosyllaba
412 3781 488 3821 voce
513 3761 642 3821 constat
660 3757 694 3820 in
715 3759 844 3841 longam
865 3758 1010 3822 vocalem
1032 3760 1203 3841 desinenti,
1225 3782 1285 3843 quae

158 3867 233 3925 ante
258 3864 480 3947 insequentem
505 3865 658 3946 vocalem,
683 3866 737 3928 sed
761 3867 794 3927 in
813 3866 893 3948 ipsis
913 3867 1131 3948 anapaesticis
1152 3867 1279 3945 versibus

159 3969 361 4052 corripiatur.
419 3970 672 4034 Assenticndurn
711 3971 794 4034 enirn
832 3971 1020 4035 Hermanno
1060 3973 1186 4038 videtur
1220 3972 1275 4035 tales

158 4077 375 4157 correptiones
399 4099 470 4139 cum
495 4077 587 4140 hiatu
612 4077 797 4140 coniunctas
822 4077 1004 4142 defendenti
1029 4076 1132 4143 Stichi
1148 4080 1192 4159 ll,
1210 4076 1272 4157 ¹250·

158 4182 230 4244 lul.
250 4181 305 4264 IV,
325 4183 355 4263 9,
374 4185 402 4246 3.
418 4184 446 4247 5.
471 4184 587 4247 Bacch.
608 4185 691 4247 112>ss
707 4185 832 4264 {1165}
860 4185 943 4247 1162
961 4185 1093 4265 [119912

247 4323 330 4398 Quid
355 4325 439 4387 istuc
463 4327 534 4389 est?
582 4329 669 4400 Quas
693 4327 726 4388 ra
751 4327 825 4390 edes
851 4326 1024 4390 colubras?
1069 4378 1075 4391 .
1115 4379 1121 4391 .
1158 4380 1163 4390 .
1197 4377 1202 4386 .
1233 4368 1263 4383 .-

255 4480 439 4492 .....
481 4434 627 4515 equidem
652 4434 709 4514 qub
733 4454 804 4497 eum
818 4437 886 4496 'aut
909 4433 964 4497 ubi
988 4434 1050 4498 sim
1075 4438 1133 4498 arit
1154 4432 1201 4517 qui
1222 4428 1266 4491 sin
