2886 5032
165 349 229 419 308
453 366 713 423 uuorraoonaun
737 368 784 417 ns
808 366 1020 417 uariorunvs

165 516 256 600 epist.
283 516 336 580 ll:
365 513 640 581 ‘Transscribitur
667 515 762 580 modo
790 514 938 598 donoque
967 513 1117 579 mittetur
1140 511 1223 578 Daci
1245 509 1294 575 Me

164 622 302 707 diolani‚
331 622 482 706 quicum
506 643 563 706 per
586 623 711 688 litteras
734 623 920 708 postulavit.
966 619 1112 686 Marcbio
1136 619 1216 684 item
1237 617 1293 683 Fer

163 730 315 794 rariensis
345 729 454 814 petiit:
483 728 612 794 dabitur
640 730 722 812 illis,
750 729 805 794 sed
833 729 881 794 ita
910 732 1095 812 corruptus,
1126 731 1165 791 ut
1191 747 1294 791 verca

163 835 429 914 barbarisredira
444 837 644 921 postliminio
660 834 826 901 videatur?
859 836 904 901 Et
923 836 1035 920 paullo
1055 838 1147 918 post:
1168 832 1294 907 ‘Nullus

164 941 243 1006 mihi
263 943 366 1027 crede,
385 943 537 1008 Plautum
557 944 637 1008 bene
655 943 877 1026 transscribet‚
896 941 960 1007 nisi
980 941 1008 1006 is
1028 942 1071 1005 sit
1089 941 1292 1007 doctissimus:

163 1054 215 1113 est
238 1051 284 1115 eis
307 1051 435 1133 litteris,
459 1050 575 1134 quibus
600 1050 695 1115 multi
719 1050 796 1114 libri
820 1072 858 1113 ex
882 1048 1035 1132 antiquis,
1059 1068 1142 1131 quos
1162 1070 1181 1112 a
1199 1046 1288 1111 mulie

163 1154 251 1221 ribus
274 1157 475 1241 conscriptos
499 1156 642 1221 arbitror
661 1154 709 1242 (1),
731 1155 823 1220 nulla
841 1155 1012 1220 verborum
1030 1154 1243 1237 distinctione,
1260 1156 1288 1216 ut

162 1284 315 1347 persaepe
343 1263 552 1328 divinandum
577 1261 641 1329 sit.'
687 1261 808 1327 Verum
836 1261 898 1326 hoc
920 1261 960 1325 de
983 1260 1111 1345 Poggio
1135 1259 1287 1344 quomodo·

162 1390 299 1453 cumque
322 1393 357 1435 se
384 1371 496 1453 habet,
524 1370 583 1434 tali
607 1370 702 1454 quale
729 1369 784 1434 bic
812 1368 1011 1453 significavit
1033 1367 1142 1432 studio
1166 1373 1198 1432 et
1216 1365 1289 1430 indu·

163 1477 243 1540 stria
266 1481 355 1541 certa
378 1482 411 1542 et
433 1480 586 1542 constans
611 1481 688 1541 nata
712 1481 763 1541 est
786 1476 930 1541 recensio
950 1475 1120 1559 quaedam,
1144 1475 1287 1559 pertinen

161 1602 200 1647 ea
228 1583 327 1647 etiam
355 1583 394 1648 ad
424 1588 497 1648 octo
521 1582 651 1647 fabulas
674 1582 812 1665 priores:
842 1604 907 1666 qua
934 1581 995 1647 etsi
1019 1580 1169 1647 effectum
1190 1586 1235 1646 est
1251 1580 1287 1655 nt,

162 1688 217 1773 qui
246 1689 385 1773 scriptor
413 1695 508 1754 antea
537 1694 671 1773 propter
699 1693 852 1772 portenta
881 1687 1061 1772 scripturae
1088 1687 1191 1754 instar
1216 1704 1287 1773 pree

163 1794 243 1858 clusi
268 1794 413 1860 thesauri
437 1795 568 1882 fuisset,
591 1817 676 1861 nunc
700 1800 786 1861 certe
810 1796 919 1881 aliquo
943 1795 1039 1860 modo
1064 1798 1098 1860 et
1119 1796 1184 1881 lflffl'
1205 1791 1290 1858 etin·

81 1922 84 1927 ·
161 1900 274 1986 tellegi
297 1907 416 1986 posset,
439 1906 535 1987 atque
559 1903 639 1968 adeo
662 1902 763 1968 band
786 1925 909 1987 panca
938 1902 1139 1967 latendum
1167 1904 1223 1966 est
1241 1890 1289 1962 rel

44 2035 147 2074 xnvrn
163 2029 250 2073 vere
273 2010 334 2074 vel
358 2009 637 2094 probabiliter„
652 2010 854 2075 emendata
882 2032 980 2074 esse:
1008 2013 1119 2073 tamen
1143 2007 1235 2072 simul
1252 2003 1293 2067 ir·

162 2114 324 2180 credibilis
348 2115 466 2182 Plauto
491 2116 599 2182 clades
619 2117 713 2180 illata
731 2121 790 2182 est.
829 2114 914 2180 Nam
933 2135 1016 2199 quae
1035 2117 1108 2180 erat
1127 2113 1184 2178 illa
1202 2112 1293 2177 aerato

162 2221 292 2286 criticae
316 2224 396 2288 artis
420 2224 628 2288 imbecillitas
647 2228 680 2288 et
699 2229 866 2308 tamquam
886 2222 1033 2303 infantia,
1057 2221 1244 2306 saepissime
1257 2216 1294 2307 le-¹

163 2328 279 2412 gitima
315 2330 498 2395 emendatio
531 2331 564 2394 in
597 2351 757 2394 summam
797 2327 976 2393 coniciendi
1013 2326 1181 2392 libidinem
1213 2314 1294 2393 interl

161 2434 357 2521 polandique
377 2439 595 2503 temeritatem
616 2438 720 2503 evasit
743 2458 816 2501 cum
841 2456 959 2522 magna
978 2433 1124 2499 mutandi
1149 2429 1291 2518 imperitia

161 2542 379 2608 coniunctam.
425 2543 516 2621 Quae
539 2545 624 2609 ratio
648 2545 800 2609 universa
824 2565 897 2607 cum
919 2541 1074 2606 insecutis
1098 2541 1233 2605 saeculis
1251 2536 1292 2602 lit·-

161 2652 285 2715 teratos
314 2650 475 2734 homines,
504 2656 541 2716 ut
569 2653 601 2716 in
632 2650 692 2716 hoc
723 2672 840 2737 genere
868 2670 983 2735 parum
1014 2649 1063 2712 vel
1091 2634 1294 2721 curiososul

162 2757 349 2842 prudentes,
378 2780 510 2840 prorsus
538 2759 669 2841 lateret,
698 2759 806 2822 evenit
829 2761 866 2821 ut
887 2779 959 2821 cum
989 2761 1066 2820 ante
1089 2752 1288 2819 camerarium

163 2885 273 2927 omnes
294 2863 451 2930 editiones
472 2864 654 2930 adulterato
674 2864 884 2929 fundamento
904 2864 1094 2943 niterentur,
1113 2865 1182 2926 tum
1201 2854 1294 2924 receu-¹

162 2969 299 3034 tioribus
329 2992 456 3055 quoque
484 2972 606 3036 multae
634 2994 673 3035 ex
698 2971 814 3035 ltalica
843 2970 900 3035 illa
923 2968 1176 3053 interpolatione
1199 2962 1287 3031 sorde

162 3075 395 3141 inhaerescunt.
441 3077 520 3142 Eius
550 3082 658 3141 autem
690 3077 885 3141 recensionis
916 3075 1099 3159 exemplum
1135 3077 1168 3139 in
1199 3067 1287 3158 pauci·

163 3181 294 3264 plenum
320 3181 453 3268 (rectius
477 3173 574 3248 enim
588 3184 717 3267 plenum
742 3184 853 3248 videor
876 3206 973 3267 quam
997 3182 1161 3265 integrum
1181 3168 1286 3256 cocart)

162 3288 197 3352 F
216 3293 373 3372 praestat:
402 3292 492 3356 euius
522 3292 688 3356 simillimo
718 3291 825 3355 codice
850 3290 990 3356 secunda
1014 3310 1131 3353 munus
1154 3274 1289 3354 nostrii

162 3393 237 3460 libri
261 3419 319 3460 usa
342 3397 375 3460 in
398 3397 483 3462 huno
506 3420 633 3462 summa
656 3398 817 3462 industria
845 3398 958 3464 intulit
985 3397 1192 3481 corrigendo,
1217 3383 1286 3476 quid

164 3501 240 3584 quid
274 3526 294 3567 a
326 3504 449 3587 primae
483 3526 598 3569 manus
633 3505 793 3588 scriptura
826 3504 1012 3586 discrepans
1046 3502 1081 3565 in
1113 3500 1170 3566 illo
1201 3494 1286 3564 codi⁰0

163 3608 422 3692 deprehenderet.
469 3609 520 3673 Ita
548 3611 648 3695 igitur
678 3611 800 3674 factum
825 3613 947 3693 estut,
976 3631 1048 3674 cum
1073 3606 1235 3673 Vrsiniani
1253 3601 1286 3664 ll·

163 3714 269 3780 dolem
284 3704 344 3779 Eo
360 3719 592 3801 repraesentet,
611 3718 741 3800 plenum
761 3717 977 3802 interpolatae
993 3714 1193 3782 recensionis
1206 3723 1289 3776 erem·

162 3822 252 3904 plum
275 3821 330 3885 Et
353 3821 539 3887 habeamus.
578 3823 607 3886 A
627 3845 691 3906 quo
715 3825 809 3907 pleno
834 3823 982 3906 exemplo
1006 3823 1108 3887 variis
1131 3807 1293 3904 intervalli⁸

163 3928 378 4012 aliicodioes,
401 3929 493 4012 eique
518 3951 651 3995 numero
675 3931 815 4013 plurimi,
838 3930 884 3994 ita
907 3930 1069 4013 recedunt,
1094 3949 1161 3994 non
1184 3931 1220 3993 ut
1240 3939 1294 3989 uu·

163 4056 258 4118 quam
283 4057 384 4100 novae
412 4036 610 4100 mutationes
643 4036 677 4100 iu
710 4036 944 4101 tralaticiarum
975 4036 1082 4100 locum
1113 4035 1294 4100 substitui&

164 4143 238 4226 sint,
263 4141 319 4206 sed
343 4147 378 4205 ut
397 4165 506 4207 earum
527 4147 618 4226 parte
637 4147 766 4207 tantum
786 4149 915 4228 recepta
934 4144 1014 4208 alias
1035 4143 1230 4228 quicumque
1248 4137 1294 4205 fui*

163 4268 343 4332 propagare
367 4250 488 4313 veritus
518 4249 558 4313 ad
587 4253 725 4314 veterem
756 4252 949 4334 scripturam
978 4250 1119 4315 redierit,
1167 4249 1237 4316 Hac
1257 4247 1294 4312 vir

165 4355 283 4418 mixtae
307 4377 324 4418 e
348 4354 382 4419 1)
406 4361 439 4420 et
462 4362 494 4418 F
514 4353 567 4440 (ut
590 4356 761 4421 brevitatis
786 4380 900 4423 caussa
924 4359 968 4422 sic
992 4356 1182 4443 loquamur)
1206 4378 1294 4423 recen

163 4462 271 4526 siones
296 4467 386 4527 ortae
411 4468 499 4543 sunt,
528 4462 742 4545 interpolatae
766 4464 841 4528 illae
866 4465 1007 4548 quidem,
1037 4465 1092 4529 sed
1118 4466 1243 4531 modice
1265 4466 1294 4529 io
