2836 5034
194 329 255 398 132
280 350 362 397 urus
387 345 651 400 asnrcnrruuuo
676 350 748 397 nun
771 348 917 399 capuan.
940 347 1261 399 cousuasarssrar.

192 497 241 558 est
264 495 403 579 paginae
428 490 508 577 942,
530 495 587 559 uhi
610 495 726 559 lacuna
748 495 863 559 relicta
886 498 942 560 est
987 491 1126 559 Vtinam
1149 515 1219 558 eam
1238 495 1306 562 nohis

192 601 321 686 explere
339 603 458 687 possis!
482 602 606 667 Deinde
625 603 709 667 libro
729 599 777 668 ιδ’.
802 625 870 687 cap.
892 602 933 666 15
951 607 1008 681 τῆ(
1026 598 1212 680 ἀρχαιολογ.
1233 602 1306 666 mults

192 707 414 772 desiderantur
442 709 613 794 dogmata,
645 731 726 794 qnae
749 709 868 773 Latina
891 708 1001 773 Rufini
1028 707 1130 772 editio
1153 707 1254 772 habet.
1286 706 1306 772 s

192 815 387 898 exemplaria
417 815 475 879 illa
502 815 671 899 haberem,
698 813 875 899 Iosephum
903 815 1072 881 meliorem
1099 814 1177 880 dare
1203 837 1306 900 possen

131 977 134 984 .
192 917 254 985 Sed
282 926 431 986 senectus
459 922 673 1006 longinquum
707 922 768 987 iter
796 922 964 987 instituere
995 920 1158 1006 prohihet
1207 920 1306 986 Tamen

191 1026 343 1112 nigrare
362 1032 421 1111 est,
441 1050 494 1093 eas
514 1029 648 1093 lacunas
666 1029 760 1094 nobis
780 1027 892 1113 exple?
915 1065 951 1074 —
974 1025 1083 1093 Sehon
1102 1029 1148 1092 im
1163 1026 1306 1093 December

191 1133 358 1199 desselben
381 1134 500 1200 Jahres
525 1135 715 1201 wiederholt
738 1156 773 1200 er
796 1136 883 1200 seine
907 1135 997 1200 Bittc
1019 1157 1050 1218 p.
1074 1136 1156 1201 678:
1179 1133 1227 1199 ‘Si
1248 1135 1306 1200 loco

192 1262 263 1304 rum
294 1240 441 1325 Iosephi,
465 1264 600 1326 quorum
625 1241 736 1306 alteris
760 1242 880 1307 litteris
904 1241 1050 1325 memini,
1081 1263 1144 1326 ope
1166 1245 1224 1305 tua
1243 1239 1306 1325 copir

192 1346 272 1410 mihi
297 1347 368 1431 liat,
398 1347 483 1411 unde
511 1349 644 1412 lacunae
672 1348 706 1412 iu
730 1347 925 1413 editionibus
953 1349 1161 1433 expleantur,
1188 1367 1306 1432 magnac

192 1477 211 1517 a
235 1474 286 1517 me
308 1453 406 1518 inibis
430 1454 590 1538 gratiam?
608 1492 645 1501 —
667 1454 776 1520 Raseh
791 1476 899 1540 genug
912 1454 972 1520 hat
986 1454 1156 1520 Lahbaeus
1172 1452 1306 1538 Scaligcrl

140 1575 179 1616 ⁸³⁸
194 1559 394 1645 Verlangen,
428 1583 523 1626 wenn
555 1562 637 1626 auch
666 1561 766 1627 leider
793 1562 884 1627 nieht
913 1563 1019 1626 seiner
1045 1561 1242 1646 Erwurtung
1264 1562 1306 1623 ent

192 1666 365 1750 sprochen3
389 1667 473 1732 denn
497 1668 615 1732 hereits
638 1669 684 1732 im
707 1667 852 1733 Februar
873 1668 957 1733 1607
978 1667 1130 1733 erwidert
1147 1667 1249 1732 dieser
1263 1666 1306 1730 ibn

191 1794 223 1855 p.
247 1771 312 1835 679
336 1771 396 1836 wie
419 1773 518 1858 folgt:
547 1771 684 1838 ‘Mirum
708 1795 792 1858 vero,
821 1774 859 1837 de
882 1777 934 1837 tot
957 1773 1089 1857 Iosephi
1113 1773 1271 1839 codicibus
1286 1791 1306 1835 n

194 1900 293 1942 unum
326 1878 454 1962 quidem
485 1880 669 1945 absolutum
701 1880 845 1964 reperiri.
900 1878 985 1956 Quia
1013 1901 1090 1946 vero
1123 1881 1306 1946 characteres

195 1985 363 2069 antiquum
378 1987 522 2051 omnium
530 1984 555 2073 ¹)
570 2008 641 2051 esse
660 1986 748 2068 dicis,
772 1986 841 2050 fieri
865 2008 931 2050 non
954 1990 1063 2070 potest
1082 1989 1161 2072 quin
1181 1987 1306 2053 multas

192 2090 258 2156 illis
274 2091 392 2177 corrigi
406 2092 542 2177 possint,
566 2114 647 2176 quae
662 2093 839 2175 depravata
853 2094 887 2157 in
902 2093 1043 2157 editione
1062 2093 1306 2160 circumferuntur

194 2198 302 2265 Vnum
326 2200 421 2263 velim
445 2199 621 2264 affirmanti
644 2199 724 2264 mihi
748 2199 873 2282 credas,
901 2199 1031 2264 infinita
1058 2222 1128 2266 esse
1152 2202 1185 2266 in
1200 2188 1306 2284 loseph

192 2306 328 2392 vulgata
341 2306 398 2370 illa
412 2305 562 2389 editione,
585 2327 666 2389 quae
681 2327 776 2370 nemo
790 2305 961 2389 intellegit.
999 2303 1175 2391 Quaedam,
1197 2312 1233 2371 ut
1249 2311 1306 2391 puto

191 2411 331 2477 feliciter
359 2413 510 2477 eruimus.
557 2410 617 2476 Sed
646 2413 674 2475 si
701 2412 808 2476 varias
837 2412 981 2477 omnium
1009 2412 1157 2479 codicum
1185 2414 1306 2479 lectione

192 2519 465 2597 nancisceremur,
502 2540 568 2583 non
600 2519 726 2603 pigeret
758 2519 856 2582 etiam
890 2519 928 2583 de
965 2519 1022 2584 illo
1055 2520 1306 2603 praestantissimi

193 2626 350 2709 scriptore
377 2627 458 2690 bene
488 2624 625 2689 mereri.'
650 2662 691 2670 —
716 2624 754 2688 ln
784 2626 893 2690 sieben
917 2625 1090 2708 folgenden
1114 2626 1257 2711 Briefen,
1279 2623 1306 2688 dl

194 2732 243 2796 bis
268 2733 302 2796 in
326 2733 387 2797 den
403 2733 582 2797 December
608 2733 701 2816 1608,
726 2732 795 2796 also
819 2732 870 2796 bis
894 2733 970 2796 kurz
995 2754 1053 2796 vor
1077 2730 1244 2818 Scaliger’s
1264 2727 1306 2794 lu

193 2838 331 2921 reichen,
355 2838 398 2903 ist
420 2840 507 2904 dann
531 2839 623 2903 nicht
647 2839 756 2902 weiter
779 2838 831 2901 die
855 2838 941 2902 Rede
965 2860 1040 2902 vom
1063 2838 1230 2924 Iosephus.

282 2945 342 3009 Die
366 2945 399 3010 in
423 2946 589 3010 derselhen
613 2946 707 3009 Anm.
733 2945 774 3008 13
799 2926 1036 3029 aufgeworfene
1060 2943 1180 3031 Frage,
1208 2947 1248 3012 ob
1268 2940 1306 3008 unt¹

193 3073 243 3115 wo
268 3055 352 3116 etwa
375 3052 431 3116 der
454 3073 516 3117 von
541 3051 708 3115 Fabricius
733 3050 911 3133 erw‘dhnte,
934 3050 1054 3115 anletzt
1076 3053 1111 3116 in
1134 3051 1229 3118 Oonr.
1251 3049 1306 3115 San

194 3157 451 3223 Schnrzfleisch’s
484 3157 593 3242 Besita
625 3158 836 3241 gekommene
869 3155 1016 3241 ‘Iosephi
1055 3159 1155 3225 codex
1189 3161 1306 3225 Graecus

194 3270 325 3329 notatus
349 3267 471 3349 passim
496 3288 594 3329 manu
618 3262 785 3349 Scaligeri'
809 3287 838 3328 u.
859 3287 883 3327 s.
903 3287 941 3329 w.
964 3265 1049 3329 noch
1072 3267 1257 3332 rorhanden
1275 3260 1306 3326 sei

193 3372 252 3436 hat
274 3373 344 3437 ihre
367 3373 585 3456 vollstiindige
605 3370 862 3455 Beantwortung
886 3371 1058 3455 gefunden.
1094 3372 1163 3438 Das
1182 3370 1306 3458 gedaeht

192 3479 368 3565 Exemplar
388 3480 477 3563 wird,
496 3480 555 3543 wie
574 3478 658 3542 nach
678 3476 853 3542 fabricius'
872 3478 1070 3565 Andautung
1088 3503 1128 3544 zu
1148 3478 1306 3545 vermuther

269 3747 288 3813 ¹)
309 3745 404 3800 Diescs
429 3744 587 3810 ‘omnium',
611 3742 696 3798 sowie
718 3742 819 3796 vcrher
843 3741 890 3796 ‘de
914 3744 957 3798 tot
980 3743 1091 3813 Iosephi
1115 3741 1306 3812 codicibus'‚i¹

194 3834 317 3888 offenbar
346 3852 400 3888 von
424 3832 663 3890 stmmtliohon
690 3832 830 3886 Schriften
856 3832 906 3887 des
932 3833 1067 3904 Iosephus
1086 3836 1121 3902 (o.
1141 3830 1306 3904 Apiom,bel

194 3922 253 3975 Iud.
272 3941 298 3978 u.
319 3941 339 3976 s.
359 3923 404 3990 w.)
424 3941 457 3975 au
476 3922 638 3987 verstehen,
662 3921 730 3975 dher
749 3922 833 3975 deren
852 3919 880 3974 iu
900 3922 950 3975 der
968 3921 1078 3976 Pariser
1096 3921 1256 3979 Bibliothsk
1271 3934 1306 3976 ror

194 4011 320 4066 handene
340 4010 558 4065 Handschriften
582 4010 628 4064 ioh
653 4010 726 4064 mich
750 4011 838 4064 nither
856 4028 888 4064 ao
908 4011 1099 4066 unterrichten
1118 4012 1221 4067 keinen
1238 4009 1306 4066 Aula

193 4099 280 4154 hatte.
319 4100 398 4154 Denn
416 4100 480 4154 dass
500 4117 555 4153 von
574 4098 623 4154 der
647 4098 879 4168 Archltclogio
903 4100 962 4154 sich
987 4101 1051 4156 dort
1073 4119 1127 4155 nur
1146 4101 1200 4156 ein
1218 4097 1306 4170 (relati

193 4189 395 4258 vollstltndiger
410 4189 502 4244 Codex
517 4190 575 4242 erst
588 4188 637 4242 des
654 4188 840 4258 15tenJhdts,
855 4189 911 4242 und
925 4190 1085 4244 ausserdcm
1100 4191 1174 4245 noch
1194 4191 1253 4246 eine
1264 4201 1306 4259 gu

192 4278 338 4333 rerlxtlrate
357 4278 487 4348 Epitome
506 4278 644 4332 vorlindet
662 4277 754 4346 (beide
773 4295 828 4332 von
846 4277 900 4331 mir
918 4278 1046 4333 erwhhnt
1064 4297 1090 4348 p.
1111 4285 1163 4334 597
1185 4279 1259 4351 [112]
1275 4293 1305 4331 un

194 4375 244 4422 600
269 4368 374 4438 [ll-tp,
400 4368 474 4422 ward
504 4368 556 4422 mir
585 4385 605 4424 s.
636 4368 662 4421 Z.
692 4385 744 4422 von
775 4367 894 4421 meinem
918 4398 951 4406 —
976 4367 1065 4422 leider
1088 4369 1228 4424 allxufrdh
1248 4366 1306 4423 hein

192 4474 375 4528 gegangeneu
399 4490 427 4496 —
448 4457 574 4512 Freunde
593 4458 635 4512 Fr.
657 4456 791 4511 Ddbuer
811 4455 936 4526 beaeugt.
