2886 5032
381 112 646 160 nunnnrrronrs
670 113 882 159 eunvrrnan.
1140 96 1206 160 425

179 253 247 330 Quod
267 255 332 321 tibi
355 255 446 340 lubet,
473 256 505 320 id
534 256 578 319 mi
607 255 739 340 impera.
785 255 897 340 Tange
921 258 1010 320 aram
1034 255 1119 320 hanc
1141 255 1204 321 Ve-
1244 219 1252 226 ⁵

804 364 900 428 neris.
936 362 1059 446 Tango.

10 543 13 546 >
38 514 45 549 ³¹
120 501 184 578 Quare
201 529 217 571 a
235 511 337 572 metro
362 505 492 591 quidem
517 528 575 571 nec
594 486 794 571 Bacchidum
817 507 924 571 versui
943 505 985 590 ΙΙ,
1004 506 1033 588 2,
1053 505 1093 570 51
1115 505 1206 569 litem

116 630 233 677 nereum:

163 746 327 841 Negotium
351 755 391 820 ad
416 779 467 821 me
490 757 552 822 hoc
576 757 690 822 attinet
711 757 890 821 aurdrium:

10 892 31 931 ³·
107 893 242 964 ldaummi
266 902 376 963 autem
401 922 428 964 v.
452 900 517 964 330
542 922 652 964 verum
675 922 745 964 esse
768 900 911 964 iambum
935 906 997 983 epet
1019 901 1126 965 credo:

159 1041 235 1119 Quid
258 1043 309 1107 is?
333 1042 470 1128 egetne?
510 1043 597 1125 Epc't.
639 1041 805 1108 Habuitne
829 1044 918 1106 rem?
963 1040 1097 1108 Hdbuit.
1144 1042 1236 1119 Qui·

43 1146 47 1151 ι
806 1171 877 1214 eam
901 1148 1063 1232 pe'rdidit?

26 1325 29 1328 ·
89 1288 153 1367 Quae
173 1293 200 1358 ei
222 1292 488 1379 probabilitatem
512 1293 648 1375 habent,
677 1292 772 1357 simul
796 1293 998 1377 intellegitur
1024 1316 1091 1358 non
1119 1293 1204 1357 solli-

84 1398 224 1465 a'landum
248 1398 350 1465 fuisse
373 1400 459 1464 'l'rin
483 1400 562 1464 206:

148 1542 239 1620 Quod
264 1541 401 1627 quisque
424 1543 457 1607 in
480 1543 587 1608 animo
611 1542 706 1608 habet
728 1549 784 1607 aut
806 1543 1001 1629 habiturust,
1025 1545 1143 1610 sciunt:
1221 1565 1352 1605 ccxxxv

71 1686 113 1750 cui
129 1687 238 1752 versui
260 1707 325 1769 quo
343 1689 488 1768 tempore
508 1685 630 1752 inserto
648 1692 704 1751 aul
726 1687 973 1752 succurrendum
993 1688 1116 1771 putavi,
1140 1710 1207 1752 om-

62 1813 129 1858 nem
151 1792 264 1877 legem
287 1791 379 1857 illam
404 1792 547 1857 nondum
566 1792 886 1880 investigaveram.*)
919 1793 1077 1859 Dubitare
1096 1799 1206 1859 tamen
1245 1788 1251 1798 ’

56 1922 148 1985 quam
174 1900 353 1984 quicquam
376 1900 590 1965 confidentius
609 1899 770 1965 affirmare
790 1901 828 1964 de
848 1902 1003 1985 producta
1025 1903 1080 1965 dat
1102 1903 1207 1966 forma

52 2005 255 2093 praestabit:
289 2006 381 2072 cuius
410 2008 471 2072 etsi
501 2029 600 2072 unum
631 2008 811 2091 exemplum
839 2008 915 2072 libri
942 2008 1024 2072 Rud.
1047 2007 1103 2089 lV,
1131 2011 1161 2089 1,
1185 2009 1205 2071 9

26 2113 225 2199 praebent,
250 2112 290 2176 de
313 2135 377 2197 quo
400 2112 434 2177 in
457 2111 608 2197 Parergis
633 2113 754 2178 dictum
777 2135 807 2197 p.
831 2114 905 2196 430,
930 2114 1074 2195 alterurn,
1099 2115 1154 2178 sed
1174 2114 1205 2178 id

29 2240 115 2289 non
141 2243 214 2287 uno
239 2219 372 2285 nomine
396 2220 596 2305 ambiguum,
618 2220 783 2304 prolatum
807 2226 856 2285 est
881 2243 896 2284 e
921 2220 1206 2305 Mosr.111,1,72:

134 2362 308 2429 Molestus
332 2383 373 2427 ne
397 2362 455 2426 sis:
479 2364 573 2427 nemo
598 2363 665 2427 dat:
691 2385 749 2448 age
773 2364 859 2448 quod
882 2364 985 2428 lubet:

42 2514 157 2576 hm'en
187 2505 302 2571 brevia
326 2506 360 2568 in
383 2506 457 2569 darc
478 2507 589 2569 (lanius
611 2507 693 2569 dolis
716 2505 836 2569 vocalis
860 2505 939 2569 facit
962 2511 998 2569 ut
1022 2512 1073 2569 sat
1096 2506 1206 2590 gravis

44 2615 232 2701 serupulus
259 2613 367 2677 animo
391 2612 542 2696 insideat,
570 2635 766 2696 ‹prauiquum
791 2635 856 2676 non
880 2613 1016 2695 impedit
1044 2613 1102 2676 illa
1131 2636 1206 2677 saue

41 2725 230 2809 quominus
257 2724 290 2783 et
317 2720 374 2783 dus
396 2723 429 2782 ct
457 2721 506 2782 det
527 2718 765 2801 produceretur.
813 2717 875 2783 Sed
900 2742 981 2803 quae
1005 2742 1045 2784 ne
1070 2720 1210 2784 rationis

42 2832 179 2917 quidem
201 2827 363 2892 societate
377 2825 444 2889 nlla
460 2846 532 2888 cum
549 2825 702 2907 exemplis
718 2825 822 2890 adbuc
836 2826 986 2889 tractatis
1002 2828 1208 2891 continentur

42 2959 76 3003 ea
107 2935 188 3002 noli
224 2931 278 2996 vel
309 2931 477 2996 defendere
507 2932 558 2996 vel
590 2953 749 2996 excusare.
793 2933 907 3018 Apage
938 2933 1039 3016 igitur
1069 2935 1209 2998 recredidit

46 3046 166 3110 renitet
197 3040 287 3104 uida
312 3040 446 3120 percipit
473 3039 578 3121 obtipit
613 3039 749 3103 eructabit
781 3044 813 3102 et
846 3040 872 3103 si
906 3062 986 3124 quae
1021 3044 1096 3103 sunt
1120 3040 1207 3104 sirni-

48 3148 158 3237 ΙΝ).
201 3143 276 3210 Nec
300 3146 385 3209 enim
409 3144 523 3229 arsis,
546 3145 638 3210 cuius
661 3146 694 3209 in
714 3145 774 3208 hac
793 3168 908 3210 caussa
927 3147 1043 3212 iactari
1062 3151 1206 3230 potestas

50 3259 144 3341 tolet,
177 3253 289 3319 ullam
313 3252 353 3317 ad
377 3253 615 3337 producendum
641 3253 705 3316 vim
729 3252 845 3317 habuit
867 3253 900 3317 in
925 3253 1086 3318 Plautinis
1111 3254 1207 3317 versi·

52 3362 104 3428 bus
140 3359 319 3443 veterique
348 3358 540 3423 Latinorum
570 3360 661 3443 poesi
692 3359 856 3442 universa,
888 3382 948 3424 nee
980 3361 1110 3424 omnino
1142 3360 1207 3423 tale

51 3471 124 3555 quid
150 3489 318 3553 umquam
341 3464 405 3529 nisi
428 3464 474 3529 eis
499 3465 738 3531 condicionibus
759 3467 958 3549 factumest,
982 3467 1097 3550 quibus
1117 3468 1207 3530 licuit

51 3588 80 3642 et
93 3575 290 3663 quamlibet
303 3573 433 3638 brevem
449 3573 609 3655 syllabam
624 3596 683 3657 pro
698 3574 797 3658 longa
812 3575 1006 3639 substituere
1023 3578 1055 3637 et
1070 3575 1208 3656 plerum·

140 3808 169 3873 *)
190 3801 292 3874 [Quod
305 3803 416 3871 quisquc
429 3802 462 3855 in
475 3801 587 3856 onirnod
600 3802 677 3856 lrdbet
696 3807 745 3856 out
764 3804 920 3857 habiturust
933 3804 1024 3857 sciunt
1038 3801 1209 3856 ltitscbelius

10 3902 12 3913 '
46 3896 163 3967 scripsit
186 3892 222 3946 in
246 3888 291 3945 ed
319 3888 368 3944 alt
393 3889 438 3957 (cl.
462 3889 533 3945 Nou.
557 3906 614 3945 exc,
639 3889 730 3944 Plaut.
751 3891 762 3943 Ι
782 3909 808 3960 p.
830 3894 873 3957 73)
897 3892 1016 3946 addens:
1047 3892 1105 3946 ‘De
1128 3885 1209 3946 irater

46 4003 146 4042 vereor
172 3984 211 4038 nt
234 3981 314 4035 recte
334 3977 516 4049 cogitaverim
538 3979 648 4047 Proleg.
671 3997 698 4048 p.
722 3994 917 4048 cnxxxrvsq„
941 3981 974 4034 de
1004 3981 1099 4049 aliqua
1117 3983 1206 4034 trans-

44 4076 192 4146 positione
221 4067 342 4124 minime
361 4085 457 4123 vereor
475 4086 509 4123 ne
529 4071 604 4123 recte
619 4069 787 4123 Fritzschius
805 4088 832 4138 p.
851 4077 874 4122 b.
890 4071 982 4124 animo
1002 4076 1051 4125 aut
1069 4070 1148 4123 babet
1166 4085 1206 4123 rc·

43 4168 160 4237 ceptum
181 4162 215 4216 in
234 4155 388 4230 proecdosi
405 4156 522 4226 probavi
540 4155 676 4213 Muellero
696 4157 729 4209 de
749 4173 821 4225 pros.
841 4176 867 4226 p.
888 4158 955 4226 633]

119 4253 165 4322 ”)
188 4247 249 4324 [cf.
269 4245 360 4318 praei.
380 4245 478 4301 Pseud.
498 4264 525 4316 p.
545 4260 600 4299 x1v
619 4248 648 4299 et
667 4245 766 4314 Opusc.
786 4245 854 4314 phil.
876 4247 898 4300 ll
918 4265 945 4316 p.
965 4253 1014 4300 041
1028 4246 1081 4317 sq]
