<?xml version="1.0" encoding="UTF-8"?>
<!DOCTYPE html PUBLIC "-//W3C//DTD XHTML 1.0 Transitional//EN"
    "http://www.w3.org/TR/xhtml1/DTD/xhtml1-transitional.dtd">
<html xmlns="http://www.w3.org/1999/xhtml" xml:lang="en" lang="en">
 <head>
  <title>
</title>
<meta http-equiv="Content-Type" content="text/html;charset=utf-8" />
  <meta name='ocr-system' content='tesseract 3.04.00' />
  <meta name='ocr-capabilities' content='ocr_page ocr_carea ocr_par ocr_line ocrx_word'/>
</head>
<body>
  <div class='ocr_page' id='page_1' title='image "./fridericiritsch00ritsgoog_0702.png"; bbox 0 0 2886 5032; ppageno 0'>
   <div class='ocr_carea' id='block_1_1' title="bbox 149 285 917 349">
    <p class='ocr_par' dir='ltr' id='par_1_1' title="bbox 149 285 917 349">
     <span class='ocr_line' id='line_1_1' title="bbox 149 285 917 349; baseline -0.001 -1"><span class='ocrx_word' id='word_1_1' title='bbox 149 285 215 349; x_wconf 80' lang='lat'>680</span> <span class='ocrx_word' id='word_1_2' title='bbox 531 296 766 344; x_wconf 78' lang='lat' dir='ltr'>anaslmscna</span> <span class='ocrx_word' id='word_1_3' title='bbox 790 297 917 347; x_wconf 81' lang='lat' dir='ltr'>aenan.</span> 
     </span>
    </p>
   </div>
   <div class='ocr_carea' id='block_1_2' title="bbox 150 440 1310 4464">
    <p class='ocr_par' dir='ltr' id='par_1_2' title="bbox 150 440 1310 4464">
     <span class='ocr_line' id='line_1_2' title="bbox 150 440 1259 529; baseline -0.002 -22"><span class='ocrx_word' id='word_1_4' title='bbox 150 443 331 529; x_wconf 83' lang='lat' dir='ltr'><strong>principem</strong></span> <span class='ocrx_word' id='word_1_5' title='bbox 362 445 507 524; x_wconf 87' lang='lat' dir='ltr'>creptum</span> <span class='ocrx_word' id='word_1_6' title='bbox 538 440 694 524; x_wconf 85' lang='lat' dir='ltr'>luximus,</span> <span class='ocrx_word' id='word_1_7' title='bbox 727 442 817 506; x_wconf 85' lang='lat' dir='ltr'>onius</span> <span class='ocrx_word' id='word_1_8' title='bbox 845 442 919 526; x_wconf 90' lang='lat' dir='ltr'>piae</span> <span class='ocrx_word' id='word_1_9' title='bbox 949 442 1123 507; x_wconf 73' lang='lat' dir='ltr'>memoriae</span> <span class='ocrx_word' id='word_1_10' title='bbox 1147 440 1259 507; x_wconf 79' lang='lat' dir='ltr'>hodierni</span> 
     </span>
     <span class='ocr_line' id='line_1_3' title="bbox 151 546 1310 627; baseline -0.003 -12"><span class='ocrx_word' id='word_1_11' title='bbox 151 550 215 615; x_wconf 88' lang='lat' dir='ltr'>diei</span> <span class='ocrx_word' id='word_1_12' title='bbox 244 546 447 612; x_wconf 77' lang='lat' dir='ltr'>sollemnitas</span> <span class='ocrx_word' id='word_1_13' title='bbox 476 552 665 612; x_wconf 86' lang='lat' dir='ltr'>consecrata</span> <span class='ocrx_word' id='word_1_14' title='bbox 693 554 755 613; x_wconf 89' lang='lat' dir='ltr'>eet:</span> <span class='ocrx_word' id='word_1_15' title='bbox 784 571 893 614; x_wconf 88' lang='lat' dir='ltr'>rerum</span> <span class='ocrx_word' id='word_1_16' title='bbox 922 552 1112 615; x_wconf 83' lang='lat' dir='ltr'>nostrarum</span> <span class='ocrx_word' id='word_1_17' title='bbox 1133 553 1262 627; x_wconf 68' lang='lat' dir='ltr'>emman</span> <span class='ocrx_word' id='word_1_18' title='bbox 1308 546 1310 557; x_wconf 90' lang='lat'>&#39;</span> 
     </span>
     <span class='ocr_line' id='line_1_4' title="bbox 152 640 1263 739; baseline -0.005 -16"><span class='ocrx_word' id='word_1_19' title='bbox 152 655 431 735; x_wconf 67' lang='lat' dir='ltr'>conservatorem,</span> <span class='ocrx_word' id='word_1_20' title='bbox 476 640 648 736; x_wconf 88' lang='lat' dir='ltr'>patronum</span> <span class='ocrx_word' id='word_1_21' title='bbox 694 656 966 739; x_wconf 86' lang='lat' dir='ltr'>augustissimum</span> <span class='ocrx_word' id='word_1_22' title='bbox 1012 655 1263 723; x_wconf 86' lang='lat' dir='ltr'>clementissinm</span> 
     </span>
     <span class='ocr_line' id='line_1_5' title="bbox 152 756 1264 847; baseline -0.004 -20"><span class='ocrx_word' id='word_1_23' title='bbox 152 763 374 827; x_wconf 81' lang='lat' dir='ltr'>Farnnmcvn</span> <span class='ocrx_word' id='word_1_24' title='bbox 408 756 622 824; x_wconf 81' lang='lat' dir='ltr'>lennnnvn</span> <span class='ocrx_word' id='word_1_25' title='bbox 655 759 713 824; x_wconf 90' lang='grc' dir='ltr'><strong>ΙΙΙ.</strong></span> <span class='ocrx_word' id='word_1_26' title='bbox 773 758 942 847; x_wconf 76' lang='lat' dir='ltr'>Fugerunt</span> <span class='ocrx_word' id='word_1_27' title='bbox 978 766 1145 846; x_wconf 88' lang='lat' dir='ltr'>tempora,</span> <span class='ocrx_word' id='word_1_28' title='bbox 1177 760 1264 825; x_wconf 80' lang='lat' dir='ltr'>nand</span> 
     </span>
     <span class='ocr_line' id='line_1_6' title="bbox 154 864 1264 955; baseline -0.001 -23"><span class='ocrx_word' id='word_1_29' title='bbox 154 870 325 949; x_wconf 90' lang='lat' dir='ltr'>manetque</span> <span class='ocrx_word' id='word_1_30' title='bbox 365 885 430 929; x_wconf 90' lang='lat' dir='ltr'>non</span> <span class='ocrx_word' id='word_1_31' title='bbox 467 864 577 930; x_wconf 85' lang='lat' dir='ltr'>fucata</span> <span class='ocrx_word' id='word_1_32' title='bbox 614 866 732 950; x_wconf 87' lang='lat' dir='ltr'>pietas,</span> <span class='ocrx_word' id='word_1_33' title='bbox 773 871 869 953; x_wconf 89' lang='lat' dir='ltr'>atque</span> <span class='ocrx_word' id='word_1_34' title='bbox 906 869 987 935; x_wconf 89' lang='lat' dir='ltr'>adeo</span> <span class='ocrx_word' id='word_1_35' title='bbox 1026 870 1163 955; x_wconf 83' lang='lat' dir='ltr'>singulis</span> <span class='ocrx_word' id='word_1_36' title='bbox 1198 868 1264 933; x_wconf 86' lang='lat' dir='ltr'>mnis</span> 
     </span>
     <span class='ocr_line' id='line_1_7' title="bbox 154 970 1266 1059; baseline -0.001 -20"><span class='ocrx_word' id='word_1_37' title='bbox 154 976 305 1057; x_wconf 79' lang='lat' dir='ltr'>augetur3</span> <span class='ocrx_word' id='word_1_38' title='bbox 331 1007 368 1016; x_wconf 94' lang='lat'>-</span> <span class='ocrx_word' id='word_1_39' title='bbox 394 970 427 1034; x_wconf 91' lang='lat' dir='ltr'>in</span> <span class='ocrx_word' id='word_1_40' title='bbox 456 976 582 1036; x_wconf 73' lang='lat' dir='ltr'>mnata</span> <span class='ocrx_word' id='word_1_41' title='bbox 611 994 718 1037; x_wconf 90' lang='lat' dir='ltr'>rerum</span> <span class='ocrx_word' id='word_1_42' title='bbox 743 975 887 1040; x_wconf 89' lang='lat' dir='ltr'>omnium</span> <span class='ocrx_word' id='word_1_43' title='bbox 917 976 1024 1059; x_wconf 88' lang='lat' dir='ltr'>specie</span> <span class='ocrx_word' id='word_1_44' title='bbox 1052 980 1086 1040; x_wconf 87' lang='lat' dir='ltr'>et</span> <span class='ocrx_word' id='word_1_45' title='bbox 1113 975 1266 1042; x_wconf 84' lang='lat' dir='ltr'>condicione</span> 
     </span>
     <span class='ocr_line' id='line_1_8' title="bbox 155 1077 1268 1167; baseline -0.004 -22"><span class='ocrx_word' id='word_1_46' title='bbox 155 1083 309 1145; x_wconf 78' lang='lat' dir='ltr'>constans</span> <span class='ocrx_word' id='word_1_47' title='bbox 340 1077 373 1141; x_wconf 88' lang='lat' dir='ltr'>in</span> <span class='ocrx_word' id='word_1_48' title='bbox 401 1078 565 1143; x_wconf 87' lang='lat' dir='ltr'>mentibus</span> <span class='ocrx_word' id='word_1_49' title='bbox 594 1080 717 1144; x_wconf 88' lang='lat' dir='ltr'>nostris</span> <span class='ocrx_word' id='word_1_50' title='bbox 745 1079 858 1146; x_wconf 79' lang='lat' dir='ltr'>haeret</span> <span class='ocrx_word' id='word_1_51' title='bbox 884 1080 962 1147; x_wconf 93' lang='lat' dir='ltr'>Divi</span> <span class='ocrx_word' id='word_1_52' title='bbox 995 1081 1097 1167; x_wconf 79' lang='lat' dir='ltr'>Regis</span> <span class='ocrx_word' id='word_1_53' title='bbox 1128 1082 1225 1167; x_wconf 86' lang='lat' dir='ltr'>imago</span> <span class='ocrx_word' id='word_1_54' title='bbox 1247 1084 1268 1142; x_wconf 88' lang='lat' dir='ltr'>et</span> 
     </span>
     <span class='ocr_line' id='line_1_9' title="bbox 154 1183 1266 1274; baseline -0.001 -22"><span class='ocrx_word' id='word_1_55' title='bbox 154 1188 188 1252; x_wconf 93' lang='lat' dir='ltr'>in</span> <span class='ocrx_word' id='word_1_56' title='bbox 216 1186 284 1250; x_wconf 91' lang='lat' dir='ltr'>dies</span> <span class='ocrx_word' id='word_1_57' title='bbox 312 1183 431 1248; x_wconf 84' lang='lat' dir='ltr'>clarius</span> <span class='ocrx_word' id='word_1_58' title='bbox 459 1184 617 1251; x_wconf 80' lang='lat' dir='ltr'>enitescit</span> <span class='ocrx_word' id='word_1_59' title='bbox 664 1186 754 1263; x_wconf 83' lang='lat' dir='ltr'>Quae</span> <span class='ocrx_word' id='word_1_60' title='bbox 782 1209 833 1252; x_wconf 89' lang='lat' dir='ltr'>res</span> <span class='ocrx_word' id='word_1_61' title='bbox 862 1192 930 1253; x_wconf 86' lang='lat' dir='ltr'>tam</span> <span class='ocrx_word' id='word_1_62' title='bbox 958 1208 1077 1274; x_wconf 84' lang='lat' dir='ltr'>graves</span> <span class='ocrx_word' id='word_1_63' title='bbox 1100 1189 1195 1254; x_wconf 90' lang='lat' dir='ltr'>habet</span> <span class='ocrx_word' id='word_1_64' title='bbox 1212 1191 1266 1251; x_wconf 78' lang='lat' dir='ltr'>tan·</span> 
     </span>
     <span class='ocr_line' id='line_1_10' title="bbox 156 1291 1269 1378; baseline 0 -21"><span class='ocrx_word' id='word_1_65' title='bbox 156 1316 218 1378; x_wconf 94' lang='lat' dir='ltr'>que</span> <span class='ocrx_word' id='word_1_66' title='bbox 251 1291 358 1356; x_wconf 90' lang='lat' dir='ltr'>varias</span> <span class='ocrx_word' id='word_1_67' title='bbox 397 1310 544 1376; x_wconf 87' lang='lat' dir='ltr'>caussas,</span> <span class='ocrx_word' id='word_1_68' title='bbox 584 1292 675 1357; x_wconf 92' lang='lat' dir='ltr'>illinc</span> <span class='ocrx_word' id='word_1_69' title='bbox 708 1299 744 1358; x_wconf 93' lang='lat' dir='ltr'>ut</span> <span class='ocrx_word' id='word_1_70' title='bbox 776 1294 971 1361; x_wconf 85' lang='lat' dir='ltr'>inexhausta</span> <span class='ocrx_word' id='word_1_71' title='bbox 1002 1294 1130 1361; x_wconf 89' lang='lat' dir='ltr'>dicendi</span> <span class='ocrx_word' id='word_1_72' title='bbox 1165 1291 1269 1360; x_wconf 71' lang='lat' dir='ltr'>meaa</span> 
     </span>
     <span class='ocr_line' id='line_1_11' title="bbox 156 1395 1268 1487; baseline -0.003 -24"><span class='ocrx_word' id='word_1_73' title='bbox 156 1398 287 1485; x_wconf 91' lang='lat' dir='ltr'>publico</span> <span class='ocrx_word' id='word_1_74' title='bbox 321 1395 444 1460; x_wconf 87' lang='lat' dir='ltr'>oratori</span> <span class='ocrx_word' id='word_1_75' title='bbox 473 1400 634 1480; x_wconf 85' lang='lat' dir='ltr'>suppetat</span> <span class='ocrx_word' id='word_1_76' title='bbox 680 1398 771 1466; x_wconf 85' lang='lat' dir='ltr'>Talia</span> <span class='ocrx_word' id='word_1_77' title='bbox 800 1400 903 1486; x_wconf 85' lang='lat' dir='ltr'>igitur</span> <span class='ocrx_word' id='word_1_78' title='bbox 929 1402 1070 1467; x_wconf 89' lang='lat' dir='ltr'>materia</span> <span class='ocrx_word' id='word_1_79' title='bbox 1099 1399 1268 1487; x_wconf 87' lang='lat' dir='ltr'>quemadnc</span> 
     </span>
     <span class='ocr_line' id='line_1_12' title="bbox 157 1500 1268 1593; baseline -0.002 -23"><span class='ocrx_word' id='word_1_80' title='bbox 157 1507 232 1571; x_wconf 91' lang='lat' dir='ltr'>dum</span> <span class='ocrx_word' id='word_1_81' title='bbox 270 1525 328 1587; x_wconf 86' lang='lat' dir='ltr'>per</span> <span class='ocrx_word' id='word_1_82' title='bbox 365 1500 549 1584; x_wconf 88' lang='lat' dir='ltr'>quindecim</span> <span class='ocrx_word' id='word_1_83' title='bbox 586 1527 744 1570; x_wconf 90' lang='lat' dir='ltr'>annorum</span> <span class='ocrx_word' id='word_1_84' title='bbox 781 1507 1045 1592; x_wconf 80' lang='lat' dir='ltr'>continuitatem,</span> <span class='ocrx_word' id='word_1_85' title='bbox 1087 1507 1200 1593; x_wconf 90' lang='lat' dir='ltr'>quibus</span> <span class='ocrx_word' id='word_1_86' title='bbox 1228 1503 1268 1567; x_wconf 82' lang='lat' dir='ltr'>hc</span> 
     </span>
     <span class='ocr_line' id='line_1_13' title="bbox 158 1607 1269 1700; baseline -0.004 -21"><span class='ocrx_word' id='word_1_87' title='bbox 158 1635 218 1698; x_wconf 89' lang='lat' dir='ltr'>ego</span> <span class='ocrx_word' id='word_1_88' title='bbox 247 1629 380 1675; x_wconf 87' lang='lat' dir='ltr'>munere</span> <span class='ocrx_word' id='word_1_89' title='bbox 409 1608 547 1694; x_wconf 88' lang='lat' dir='ltr'>impiger</span> <span class='ocrx_word' id='word_1_90' title='bbox 575 1610 653 1675; x_wconf 93' lang='lat' dir='ltr'>olim</span> <span class='ocrx_word' id='word_1_91' title='bbox 683 1616 716 1677; x_wconf 92' lang='lat' dir='ltr'>et</span> <span class='ocrx_word' id='word_1_92' title='bbox 738 1613 867 1697; x_wconf 81' lang='lat' dir='ltr'>integer</span> <span class='ocrx_word' id='word_1_93' title='bbox 889 1614 1069 1699; x_wconf 89' lang='lat' dir='ltr'>fungebar,</span> <span class='ocrx_word' id='word_1_94' title='bbox 1097 1607 1269 1700; x_wconf 73' lang='lat' dir='ltr'>quantamvis</span> 
     </span>
     <span class='ocr_line' id='line_1_14' title="bbox 159 1713 1268 1806; baseline -0.005 -22"><span class='ocrx_word' id='word_1_95' title='bbox 159 1720 274 1784; x_wconf 85' lang='lat' dir='ltr'>virium</span> <span class='ocrx_word' id='word_1_96' title='bbox 295 1713 549 1780; x_wconf 81' lang='lat' dir='ltr'>mediocritatem</span> <span class='ocrx_word' id='word_1_97' title='bbox 569 1739 675 1782; x_wconf 92' lang='lat' dir='ltr'>meam</span> <span class='ocrx_word' id='word_1_98' title='bbox 694 1741 870 1803; x_wconf 78' lang='lat' dir='ltr'>numquam</span> <span class='ocrx_word' id='word_1_99' title='bbox 889 1719 1016 1806; x_wconf 83' lang='lat' dir='ltr'>defecit,</span> <span class='ocrx_word' id='word_1_100' title='bbox 1039 1721 1096 1787; x_wconf 89' lang='lat' dir='ltr'>sed</span> <span class='ocrx_word' id='word_1_101' title='bbox 1115 1721 1194 1786; x_wconf 89' lang='lat' dir='ltr'>hanc</span> <span class='ocrx_word' id='word_1_102' title='bbox 1210 1737 1268 1782; x_wconf 91' lang='lat' dir='ltr'>con·</span> 
     </span>
     <span class='ocr_line' id='line_1_15' title="bbox 159 1822 1268 1912; baseline -0.006 -22"><span class='ocrx_word' id='word_1_103' title='bbox 159 1823 308 1912; x_wconf 82' lang='lat' dir='ltr'>pensavit</span> <span class='ocrx_word' id='word_1_104' title='bbox 331 1822 441 1907; x_wconf 89' lang='lat' dir='ltr'>potius</span> <span class='ocrx_word' id='word_1_105' title='bbox 464 1823 611 1907; x_wconf 89' lang='lat' dir='ltr'>ingenita</span> <span class='ocrx_word' id='word_1_106' title='bbox 635 1824 784 1890; x_wconf 87' lang='lat' dir='ltr'>ubertate</span> <span class='ocrx_word' id='word_1_107' title='bbox 807 1847 875 1909; x_wconf 87' lang='lat' dir='ltr'>suu,</span> <span class='ocrx_word' id='word_1_108' title='bbox 899 1827 948 1892; x_wconf 85' lang='lat' dir='ltr'>ita</span> <span class='ocrx_word' id='word_1_109' title='bbox 970 1849 1037 1893; x_wconf 89' lang='lat' dir='ltr'>non</span> <span class='ocrx_word' id='word_1_110' title='bbox 1059 1831 1111 1893; x_wconf 88' lang='lat' dir='ltr'>cst</span> <span class='ocrx_word' id='word_1_111' title='bbox 1129 1822 1268 1892; x_wconf 88' lang='lat' dir='ltr'>verendnn</span> 
     </span>
     <span class='ocr_line' id='line_1_16' title="bbox 159 1926 1268 2018; baseline -0.001 -21"><span class='ocrx_word' id='word_1_112' title='bbox 159 1955 200 1997; x_wconf 91' lang='lat' dir='ltr'>ne</span> <span class='ocrx_word' id='word_1_113' title='bbox 233 1931 360 1995; x_wconf 87' lang='lat' dir='ltr'>futuros</span> <span class='ocrx_word' id='word_1_114' title='bbox 394 1926 539 1994; x_wconf 84' lang='lat' dir='ltr'>oratores</span> <span class='ocrx_word' id='word_1_115' title='bbox 572 1952 726 2014; x_wconf 91' lang='lat' dir='ltr'>umquam</span> <span class='ocrx_word' id='word_1_116' title='bbox 760 1930 898 1998; x_wconf 87' lang='lat' dir='ltr'>deficiat.</span> <span class='ocrx_word' id='word_1_117' title='bbox 953 1932 1078 1999; x_wconf 90' lang='lat' dir='ltr'>Verum</span> <span class='ocrx_word' id='word_1_118' title='bbox 1111 1932 1268 2018; x_wconf 78' lang='lat' dir='ltr'>plenamd</span> 
     </span>
     <span class='ocr_line' id='line_1_17' title="bbox 161 2035 1268 2125; baseline -0.005 -22"><span class='ocrx_word' id='word_1_119' title='bbox 161 2038 262 2123; x_wconf 87' lang='lat' dir='ltr'>Regia</span> <span class='ocrx_word' id='word_1_120' title='bbox 286 2036 403 2100; x_wconf 89' lang='lat' dir='ltr'>virtute</span> <span class='ocrx_word' id='word_1_121' title='bbox 429 2035 560 2120; x_wconf 87' lang='lat' dir='ltr'>dignam</span> <span class='ocrx_word' id='word_1_122' title='bbox 589 2037 810 2103; x_wconf 87' lang='lat' dir='ltr'>laudationem</span> <span class='ocrx_word' id='word_1_123' title='bbox 834 2061 898 2123; x_wconf 89' lang='lat' dir='ltr'>quo</span> <span class='ocrx_word' id='word_1_124' title='bbox 922 2040 1029 2105; x_wconf 91' lang='lat' dir='ltr'>minus</span> <span class='ocrx_word' id='word_1_125' title='bbox 1052 2040 1183 2125; x_wconf 91' lang='lat' dir='ltr'>capiunt</span> <span class='ocrx_word' id='word_1_126' title='bbox 1201 2037 1268 2101; x_wconf 80' lang='lat' dir='ltr'>horse</span> 
     </span>
     <span class='ocr_line' id='line_1_18' title="bbox 161 2135 1268 2231; baseline -0.005 -21"><span class='ocrx_word' id='word_1_127' title='bbox 161 2143 340 2229; x_wconf 82' lang='lat' dir='ltr'>angustiae,</span> <span class='ocrx_word' id='word_1_128' title='bbox 363 2163 401 2206; x_wconf 88' lang='lat' dir='ltr'>eo</span> <span class='ocrx_word' id='word_1_129' title='bbox 426 2142 499 2226; x_wconf 89' lang='lat' dir='ltr'>plus</span> <span class='ocrx_word' id='word_1_130' title='bbox 524 2144 740 2210; x_wconf 82' lang='lat' dir='ltr'>excusationis</span> <span class='ocrx_word' id='word_1_131' title='bbox 764 2149 915 2231; x_wconf 87' lang='lat' dir='ltr'>paratum</span> <span class='ocrx_word' id='word_1_132' title='bbox 939 2169 1009 2211; x_wconf 87' lang='lat' dir='ltr'>esee</span> <span class='ocrx_word' id='word_1_133' title='bbox 1033 2148 1062 2211; x_wconf 86' lang='lat' dir='ltr'>ei</span> <span class='ocrx_word' id='word_1_134' title='bbox 1082 2135 1268 2213; x_wconf 74' lang='lat' dir='ltr'>consuetudin</span> 
     </span>
     <span class='ocr_line' id='line_1_19' title="bbox 162 2243 1269 2336; baseline -0.004 -20"><span class='ocrx_word' id='word_1_135' title='bbox 162 2274 270 2335; x_wconf 88' lang='lat' dir='ltr'>spero,</span> <span class='ocrx_word' id='word_1_136' title='bbox 298 2271 362 2334; x_wconf 88' lang='lat' dir='ltr'>qua</span> <span class='ocrx_word' id='word_1_137' title='bbox 391 2249 530 2333; x_wconf 87' lang='lat' dir='ltr'>singulis</span> <span class='ocrx_word' id='word_1_138' title='bbox 559 2250 652 2315; x_wconf 89' lang='lat' dir='ltr'>annis</span> <span class='ocrx_word' id='word_1_139' title='bbox 676 2250 823 2335; x_wconf 84' lang='lat' dir='ltr'>singulas</span> <span class='ocrx_word' id='word_1_140' title='bbox 847 2255 958 2336; x_wconf 88' lang='lat' dir='ltr'>partes</span> <span class='ocrx_word' id='word_1_141' title='bbox 981 2257 1050 2317; x_wconf 90' lang='lat' dir='ltr'>tam</span> <span class='ocrx_word' id='word_1_142' title='bbox 1074 2253 1140 2318; x_wconf 89' lang='lat' dir='ltr'>late</span> <span class='ocrx_word' id='word_1_143' title='bbox 1162 2243 1269 2335; x_wconf 76' lang='lat' dir='ltr'>pseud</span> 
     </span>
     <span class='ocr_line' id='line_1_20' title="bbox 161 2355 1268 2444; baseline -0.005 -22"><span class='ocrx_word' id='word_1_144' title='bbox 161 2355 381 2443; x_wconf 84' lang='lat' dir='ltr'>praestantiae</span> <span class='ocrx_word' id='word_1_145' title='bbox 404 2355 546 2420; x_wconf 86' lang='lat' dir='ltr'>delibare</span> <span class='ocrx_word' id='word_1_146' title='bbox 571 2356 660 2422; x_wconf 84' lang='lat' dir='ltr'>soliti</span> <span class='ocrx_word' id='word_1_147' title='bbox 683 2379 810 2440; x_wconf 88' lang='lat' dir='ltr'>sumus,</span> <span class='ocrx_word' id='word_1_148' title='bbox 837 2361 1005 2443; x_wconf 89' lang='lat' dir='ltr'>tamquam</span> <span class='ocrx_word' id='word_1_149' title='bbox 1029 2358 1184 2444; x_wconf 90' lang='lat' dir='ltr'>quosdam</span> <span class='ocrx_word' id='word_1_150' title='bbox 1204 2356 1268 2420; x_wconf 80' lang='lat' dir='ltr'>flore</span> 
     </span>
     <span class='ocr_line' id='line_1_21' title="bbox 162 2459 1269 2549; baseline -0.002 -19"><span class='ocrx_word' id='word_1_151' title='bbox 162 2465 245 2530; x_wconf 90' lang='lat' dir='ltr'>unde</span> <span class='ocrx_word' id='word_1_152' title='bbox 269 2464 394 2548; x_wconf 84' lang='lat' dir='ltr'>largam</span> <span class='ocrx_word' id='word_1_153' title='bbox 420 2463 590 2549; x_wconf 87' lang='lat' dir='ltr'>vivamque</span> <span class='ocrx_word' id='word_1_154' title='bbox 613 2485 766 2529; x_wconf 89' lang='lat' dir='ltr'>coronam</span> <span class='ocrx_word' id='word_1_155' title='bbox 790 2468 921 2529; x_wconf 89' lang='lat' dir='ltr'>vestra</span> <span class='ocrx_word' id='word_1_156' title='bbox 945 2486 1043 2549; x_wconf 89' lang='lat' dir='ltr'>opera</span> <span class='ocrx_word' id='word_1_157' title='bbox 1062 2466 1227 2532; x_wconf 81' lang='lat' dir='ltr'>coalescere</span> <span class='ocrx_word' id='word_1_158' title='bbox 1240 2459 1269 2523; x_wconf 77' lang='lat' dir='ltr'>id·</span> 
     </span>
     <span class='ocr_line' id='line_1_22' title="bbox 163 2559 1269 2656; baseline -0.001 -21"><span class='ocrx_word' id='word_1_159' title='bbox 163 2571 291 2636; x_wconf 85' lang='lat' dir='ltr'>heretis.</span> <span class='ocrx_word' id='word_1_160' title='bbox 338 2568 407 2634; x_wconf 88' lang='lat' dir='ltr'>Nec</span> <span class='ocrx_word' id='word_1_161' title='bbox 429 2568 506 2653; x_wconf 84' lang='lat' dir='ltr'>faie,</span> <span class='ocrx_word' id='word_1_162' title='bbox 530 2571 605 2653; x_wconf 91' lang='lat' dir='ltr'>quid</span> <span class='ocrx_word' id='word_1_163' title='bbox 629 2571 836 2654; x_wconf 89' lang='lat' dir='ltr'>potissimum</span> <span class='ocrx_word' id='word_1_164' title='bbox 860 2570 1115 2656; x_wconf 82' lang='lat' dir='ltr'>decerperemus,</span> <span class='ocrx_word' id='word_1_165' title='bbox 1136 2559 1269 2636; x_wconf 79' lang='lat' dir='ltr'>cubiculi</span> 
     </span>
     <span class='ocr_line' id='line_1_23' title="bbox 164 2670 1269 2762; baseline -0.006 -21"><span class='ocrx_word' id='word_1_166' title='bbox 164 2676 346 2741; x_wconf 84' lang='lat' dir='ltr'>molestiam</span> <span class='ocrx_word' id='word_1_167' title='bbox 372 2698 524 2759; x_wconf 88' lang='lat' dir='ltr'>umquam</span> <span class='ocrx_word' id='word_1_168' title='bbox 550 2678 723 2742; x_wconf 86' lang='lat' dir='ltr'>sensimus:</span> <span class='ocrx_word' id='word_1_169' title='bbox 748 2678 867 2742; x_wconf 84' lang='lat' dir='ltr'>etenim</span> <span class='ocrx_word' id='word_1_170' title='bbox 891 2681 1005 2762; x_wconf 91' lang='lat' dir='ltr'>aptum</span> <span class='ocrx_word' id='word_1_171' title='bbox 1029 2675 1225 2762; x_wconf 90' lang='lat' dir='ltr'>praedicandi</span> <span class='ocrx_word' id='word_1_172' title='bbox 1242 2670 1269 2734; x_wconf 85' lang='lat' dir='ltr'>lc</span> 
     </span>
     <span class='ocr_line' id='line_1_24' title="bbox 163 2783 1270 2868; baseline -0.004 -21"><span class='ocrx_word' id='word_1_173' title='bbox 163 2807 235 2847; x_wconf 89' lang='lat' dir='ltr'>cnm</span> <span class='ocrx_word' id='word_1_174' title='bbox 255 2783 589 2864; x_wconf 83' lang='lat' dir='ltr'>circumspicientibus</span> <span class='ocrx_word' id='word_1_175' title='bbox 608 2784 679 2866; x_wconf 86' lang='lat' dir='ltr'>ipsa</span> <span class='ocrx_word' id='word_1_176' title='bbox 698 2784 886 2867; x_wconf 89' lang='lat' dir='ltr'>plermnque</span> <span class='ocrx_word' id='word_1_177' title='bbox 906 2789 1055 2868; x_wconf 87' lang='lat' dir='ltr'>tempora</span> <span class='ocrx_word' id='word_1_178' title='bbox 1075 2786 1270 2851; x_wconf 83' lang='lat' dir='ltr'>snccurrcrunt</span> 
     </span>
     <span class='ocr_line' id='line_1_25' title="bbox 163 2885 1307 2974; baseline 0 -22"><span class='ocrx_word' id='word_1_179' title='bbox 163 2912 299 2974; x_wconf 85' lang='lat' dir='ltr'>quorum</span> <span class='ocrx_word' id='word_1_180' title='bbox 319 2889 494 2971; x_wconf 82' lang='lat' dir='ltr'>singularis</span> <span class='ocrx_word' id='word_1_181' title='bbox 513 2890 597 2953; x_wconf 90' lang='lat' dir='ltr'>ratio</span> <span class='ocrx_word' id='word_1_182' title='bbox 622 2895 655 2953; x_wconf 89' lang='lat' dir='ltr'>et</span> <span class='ocrx_word' id='word_1_183' title='bbox 678 2890 824 2956; x_wconf 89' lang='lat' dir='ltr'>condicio</span> <span class='ocrx_word' id='word_1_184' title='bbox 848 2896 934 2955; x_wconf 85' lang='lat' dir='ltr'>recte</span> <span class='ocrx_word' id='word_1_185' title='bbox 959 2898 1108 2957; x_wconf 90' lang='lat' dir='ltr'>moneret</span> <span class='ocrx_word' id='word_1_186' title='bbox 1128 2885 1269 2958; x_wconf 74' lang='lat' dir='ltr'>comnedt·</span> <span class='ocrx_word' id='word_1_187' title='bbox 1305 2900 1307 2961; x_wconf 79' lang='grc' dir='ltr'><strong><em>ζ</em></strong></span> 
     </span>
     <span class='ocr_line' id='line_1_26' title="bbox 164 2984 1270 3081; baseline -0.002 -21"><span class='ocrx_word' id='word_1_188' title='bbox 164 3019 225 3081; x_wconf 88' lang='lat' dir='ltr'>quc</span> <span class='ocrx_word' id='word_1_189' title='bbox 253 2995 491 3081; x_wconf 88' lang='lat' dir='ltr'>suppeditaret,</span> <span class='ocrx_word' id='word_1_190' title='bbox 520 2996 609 3060; x_wconf 86' lang='lat' dir='ltr'>cuius</span> <span class='ocrx_word' id='word_1_191' title='bbox 629 2995 836 3079; x_wconf 87' lang='lat' dir='ltr'>potissimum</span> <span class='ocrx_word' id='word_1_192' title='bbox 857 3001 890 3061; x_wconf 91' lang='lat' dir='ltr'>et</span> <span class='ocrx_word' id='word_1_193' title='bbox 908 2998 1018 3081; x_wconf 83' lang='lat' dir='ltr'>regiae</span> <span class='ocrx_word' id='word_1_194' title='bbox 1038 2998 1142 3063; x_wconf 88' lang='lat' dir='ltr'>landis</span> <span class='ocrx_word' id='word_1_195' title='bbox 1162 2984 1270 3062; x_wconf 71' lang='lat' dir='ltr'>erasini</span> 
     </span>
     <span class='ocr_line' id='line_1_27' title="bbox 165 3092 1307 3205; baseline -0.004 -39"><span class='ocrx_word' id='word_1_196' title='bbox 165 3104 299 3168; x_wconf 84' lang='lat' dir='ltr'>affectus</span> <span class='ocrx_word' id='word_1_197' title='bbox 331 3102 429 3166; x_wconf 88' lang='lat' dir='ltr'>vestri</span> <span class='ocrx_word' id='word_1_198' title='bbox 458 3102 618 3185; x_wconf 79' lang='lat' dir='ltr'>interpres</span> <span class='ocrx_word' id='word_1_199' title='bbox 648 3102 785 3165; x_wconf 85' lang='lat' dir='ltr'>existere</span> <span class='ocrx_word' id='word_1_200' title='bbox 809 3101 967 3169; x_wconf 88' lang='lat' dir='ltr'>deberem.</span> <span class='ocrx_word' id='word_1_201' title='bbox 1012 3102 1130 3189; x_wconf 87' lang='lat' dir='ltr'>ltaque</span> <span class='ocrx_word' id='word_1_202' title='bbox 1153 3103 1208 3168; x_wconf 90' lang='lat' dir='ltr'>l&#39;uit</span> <span class='ocrx_word' id='word_1_203' title='bbox 1225 3112 1271 3161; x_wconf 76' lang='lat' dir='ltr'>enm</span> <span class='ocrx_word' id='word_1_204' title='bbox 1302 3092 1307 3205; x_wconf 57' lang='lat' dir='ltr'>l</span> 
     </span>
     <span class='ocr_line' id='line_1_28' title="bbox 164 3208 1307 3293; baseline -0.01 -20"><span class='ocrx_word' id='word_1_205' title='bbox 164 3210 306 3273; x_wconf 88' lang='lat' dir='ltr'>diuturni</span> <span class='ocrx_word' id='word_1_206' title='bbox 336 3208 464 3291; x_wconf 82' lang='lat' dir='ltr'>imperii</span> <span class='ocrx_word' id='word_1_207' title='bbox 493 3208 658 3290; x_wconf 88' lang='lat' dir='ltr'>praeclare</span> <span class='ocrx_word' id='word_1_208' title='bbox 687 3209 770 3293; x_wconf 86' lang='lat' dir='ltr'>gesti</span> <span class='ocrx_word' id='word_1_209' title='bbox 799 3209 937 3293; x_wconf 86' lang='lat' dir='ltr'>gloriam</span> <span class='ocrx_word' id='word_1_210' title='bbox 966 3212 999 3273; x_wconf 90' lang='lat' dir='ltr'>ct</span> <span class='ocrx_word' id='word_1_211' title='bbox 1023 3209 1208 3275; x_wconf 82' lang='lat' dir='ltr'>felicitatem</span> <span class='ocrx_word' id='word_1_212' title='bbox 1226 3219 1271 3287; x_wconf 87' lang='lat' dir='ltr'>per·</span> <span class='ocrx_word' id='word_1_213' title='bbox 1305 3208 1307 3289; x_wconf 57' lang='lat' dir='ltr'>J</span> 
     </span>
     <span class='ocr_line' id='line_1_29' title="bbox 165 3306 1307 3400; baseline -0.006 -20"><span class='ocrx_word' id='word_1_214' title='bbox 165 3338 379 3400; x_wconf 88' lang='lat' dir='ltr'>sequeremur,</span> <span class='ocrx_word' id='word_1_215' title='bbox 403 3317 520 3380; x_wconf 88' lang='lat' dir='ltr'>bellica</span> <span class='ocrx_word' id='word_1_216' title='bbox 543 3316 675 3379; x_wconf 88' lang='lat' dir='ltr'>fortuna</span> <span class='ocrx_word' id='word_1_217' title='bbox 698 3339 763 3381; x_wconf 92' lang='lat' dir='ltr'>non</span> <span class='ocrx_word' id='word_1_218' title='bbox 788 3317 895 3380; x_wconf 90' lang='lat' dir='ltr'>minus</span> <span class='ocrx_word' id='word_1_219' title='bbox 919 3338 1014 3399; x_wconf 89' lang='lat' dir='ltr'>quam</span> <span class='ocrx_word' id='word_1_220' title='bbox 1041 3317 1140 3381; x_wconf 90' lang='lat' dir='ltr'>animi</span> <span class='ocrx_word' id='word_1_221' title='bbox 1159 3316 1271 3381; x_wconf 75' lang='lat' dir='ltr'>consm-</span> <span class='ocrx_word' id='word_1_222' title='bbox 1305 3306 1307 3313; x_wconf 79' lang='grc'><strong>’</strong></span> 
     </span>
     <span class='ocr_line' id='line_1_30' title="bbox 165 3411 1270 3507; baseline -0.007 -21"><span class='ocrx_word' id='word_1_223' title='bbox 165 3423 212 3486; x_wconf 86' lang='lat' dir='ltr'>tia</span> <span class='ocrx_word' id='word_1_224' title='bbox 235 3423 429 3506; x_wconf 87' lang='lat' dir='ltr'>quaesitam,</span> <span class='ocrx_word' id='word_1_225' title='bbox 453 3424 485 3487; x_wconf 90' lang='lat' dir='ltr'>in</span> <span class='ocrx_word' id='word_1_226' title='bbox 510 3424 644 3507; x_wconf 88' lang='lat' dir='ltr'>ipsaque</span> <span class='ocrx_word' id='word_1_227' title='bbox 668 3424 831 3487; x_wconf 88' lang='lat' dir='ltr'>communi</span> <span class='ocrx_word' id='word_1_228' title='bbox 856 3422 1007 3506; x_wconf 83' lang='lat' dir='ltr'>Europae</span> <span class='ocrx_word' id='word_1_229' title='bbox 1032 3423 1126 3489; x_wconf 85' lang='lat' dir='ltr'>clade</span> <span class='ocrx_word' id='word_1_230' title='bbox 1149 3411 1270 3506; x_wconf 80' lang='lat' dir='ltr'>inprimis</span> 
     </span>
     <span class='ocr_line' id='line_1_31' title="bbox 166 3528 1271 3611; baseline -0.005 -18"><span class='ocrx_word' id='word_1_231' title='bbox 166 3529 379 3611; x_wconf 88' lang='lat' dir='ltr'>conspicuam.</span> <span class='ocrx_word' id='word_1_232' title='bbox 426 3529 501 3593; x_wconf 83' lang='lat' dir='ltr'>Fuit</span> <span class='ocrx_word' id='word_1_233' title='bbox 525 3552 597 3593; x_wconf 88' lang='lat' dir='ltr'>cum</span> <span class='ocrx_word' id='word_1_234' title='bbox 625 3530 659 3592; x_wconf 92' lang='lat' dir='ltr'>in</span> <span class='ocrx_word' id='word_1_235' title='bbox 683 3529 769 3592; x_wconf 90' lang='lat' dir='ltr'>vitae</span> <span class='ocrx_word' id='word_1_236' title='bbox 792 3528 991 3591; x_wconf 88' lang='lat' dir='ltr'>domesticae</span> <span class='ocrx_word' id='word_1_237' title='bbox 1014 3529 1197 3593; x_wconf 88' lang='lat' dir='ltr'>innocentia</span> <span class='ocrx_word' id='word_1_238' title='bbox 1217 3539 1271 3590; x_wconf 77' lang='lat' dir='ltr'>con·</span> 
     </span>
     <span class='ocr_line' id='line_1_32' title="bbox 165 3627 1270 3718; baseline -0.003 -19"><span class='ocrx_word' id='word_1_239' title='bbox 165 3658 375 3718; x_wconf 88' lang='lat' dir='ltr'>morarcmnr,</span> <span class='ocrx_word' id='word_1_240' title='bbox 398 3637 430 3699; x_wconf 95' lang='lat' dir='ltr'>in</span> <span class='ocrx_word' id='word_1_241' title='bbox 456 3657 583 3699; x_wconf 90' lang='lat' dir='ltr'>morum</span> <span class='ocrx_word' id='word_1_242' title='bbox 608 3634 806 3717; x_wconf 86' lang='lat' dir='ltr'>integritate,</span> <span class='ocrx_word' id='word_1_243' title='bbox 830 3633 995 3717; x_wconf 86' lang='lat' dir='ltr'>religionis</span> <span class='ocrx_word' id='word_1_244' title='bbox 1020 3634 1228 3718; x_wconf 83' lang='lat' dir='ltr'>simplicitate,</span> <span class='ocrx_word' id='word_1_245' title='bbox 1243 3627 1270 3689; x_wconf 78' lang='lat' dir='ltr'>ifl·</span> 
     </span>
     <span class='ocr_line' id='line_1_33' title="bbox 166 3739 1271 3826; baseline -0.007 -19"><span class='ocrx_word' id='word_1_246' title='bbox 166 3744 355 3807; x_wconf 85' lang='lat' dir='ltr'>stitutornm</span> <span class='ocrx_word' id='word_1_247' title='bbox 375 3742 610 3826; x_wconf 52' lang='lat' dir='ltr'>‚sanctimonia</span> <span class='ocrx_word' id='word_1_248' title='bbox 657 3739 732 3805; x_wconf 91' lang='lat' dir='ltr'>Non</span> <span class='ocrx_word' id='word_1_249' title='bbox 762 3741 860 3804; x_wconf 87' lang='lat' dir='ltr'>semel</span> <span class='ocrx_word' id='word_1_250' title='bbox 892 3741 931 3805; x_wconf 90' lang='lat' dir='ltr'>ad</span> <span class='ocrx_word' id='word_1_251' title='bbox 962 3742 1053 3824; x_wconf 86' lang='lat' dir='ltr'>pacis</span> <span class='ocrx_word' id='word_1_252' title='bbox 1082 3746 1167 3805; x_wconf 87' lang='lat' dir='ltr'>artes</span> <span class='ocrx_word' id='word_1_253' title='bbox 1194 3751 1271 3816; x_wconf 72' lang='lat' dir='ltr'>crept·</span> 
     </span>
     <span class='ocr_line' id='line_1_34' title="bbox 167 3835 1272 3933; baseline -0.007 -20"><span class='ocrx_word' id='word_1_254' title='bbox 167 3850 240 3914; x_wconf 90' lang='lat' dir='ltr'>tiati</span> <span class='ocrx_word' id='word_1_255' title='bbox 266 3872 377 3913; x_wconf 70' lang='lat' dir='ltr'>sumtis</span> <span class='ocrx_word' id='word_1_256' title='bbox 401 3851 648 3933; x_wconf 86' lang='lat' dir='ltr'>litterarumque</span> <span class='ocrx_word' id='word_1_257' title='bbox 672 3849 768 3912; x_wconf 88' lang='lat' dir='ltr'>decus</span> <span class='ocrx_word' id='word_1_258' title='bbox 792 3848 863 3932; x_wconf 90' lang='lat' dir='ltr'>pari</span> <span class='ocrx_word' id='word_1_259' title='bbox 887 3848 1129 3913; x_wconf 87' lang='lat' dir='ltr'>munificentiae</span> <span class='ocrx_word' id='word_1_260' title='bbox 1153 3835 1272 3931; x_wconf 72' lang='lat' dir='ltr'>sapiente</span> 
     </span>
     <span class='ocr_line' id='line_1_35' title="bbox 168 3954 1272 4038; baseline -0.004 -19"><span class='ocrx_word' id='word_1_261' title='bbox 168 3957 338 4019; x_wconf 86' lang='lat' dir='ltr'>aclauctnm</span> <span class='ocrx_word' id='word_1_262' title='bbox 363 3958 459 4037; x_wconf 88' lang='lat' dir='ltr'>atquc</span> <span class='ocrx_word' id='word_1_263' title='bbox 484 3957 709 4036; x_wconf 87' lang='lat' dir='ltr'>sustentatum,</span> <span class='ocrx_word' id='word_1_264' title='bbox 733 3954 782 4016; x_wconf 89' lang='lat' dir='ltr'>vel</span> <span class='ocrx_word' id='word_1_265' title='bbox 806 3954 1023 4018; x_wconf 88' lang='lat' dir='ltr'>institutionis</span> <span class='ocrx_word' id='word_1_266' title='bbox 1048 3955 1193 4038; x_wconf 86' lang='lat' dir='ltr'>publicae</span> <span class='ocrx_word' id='word_1_267' title='bbox 1210 3954 1272 4015; x_wconf 69' lang='lat' dir='ltr'>lectt</span> 
     </span>
     <span class='ocr_line' id='line_1_36' title="bbox 168 4054 1273 4144; baseline -0.003 -19"><span class='ocrx_word' id='word_1_268' title='bbox 168 4063 238 4126; x_wconf 86' lang='lat' dir='ltr'>licia</span> <span class='ocrx_word' id='word_1_269' title='bbox 263 4060 358 4144; x_wconf 87' lang='lat' dir='ltr'>plane</span> <span class='ocrx_word' id='word_1_270' title='bbox 383 4060 571 4143; x_wconf 86' lang='lat' dir='ltr'>singularia.</span> <span class='ocrx_word' id='word_1_271' title='bbox 617 4060 801 4144; x_wconf 87' lang='lat' dir='ltr'>Aliquando</span> <span class='ocrx_word' id='word_1_272' title='bbox 826 4061 858 4122; x_wconf 95' lang='lat' dir='ltr'>in</span> <span class='ocrx_word' id='word_1_273' title='bbox 882 4060 1051 4124; x_wconf 89' lang='lat' dir='ltr'>recolenda</span> <span class='ocrx_word' id='word_1_274' title='bbox 1075 4061 1222 4126; x_wconf 83' lang='lat' dir='ltr'>memoria</span> <span class='ocrx_word' id='word_1_275' title='bbox 1240 4054 1273 4116; x_wconf 71' lang='lat' dir='ltr'>iffi·</span> 
     </span>
     <span class='ocr_line' id='line_1_37' title="bbox 168 4165 1273 4249; baseline -0.006 -17"><span class='ocrx_word' id='word_1_276' title='bbox 168 4167 298 4232; x_wconf 90' lang='lat' dir='ltr'>mortali</span> <span class='ocrx_word' id='word_1_277' title='bbox 323 4188 433 4230; x_wconf 87' lang='lat' dir='ltr'>eorum</span> <span class='ocrx_word' id='word_1_278' title='bbox 459 4165 600 4229; x_wconf 88' lang='lat' dir='ltr'>virerum</span> <span class='ocrx_word' id='word_1_279' title='bbox 625 4190 737 4230; x_wconf 88' lang='lat' dir='ltr'>snmus</span> <span class='ocrx_word' id='word_1_280' title='bbox 762 4166 892 4248; x_wconf 87' lang='lat' dir='ltr'>versati,</span> <span class='ocrx_word' id='word_1_281' title='bbox 915 4166 1033 4249; x_wconf 87' lang='lat' dir='ltr'>quibus</span> <span class='ocrx_word' id='word_1_282' title='bbox 1058 4167 1118 4231; x_wconf 89' lang='lat' dir='ltr'>Ille</span> <span class='ocrx_word' id='word_1_283' title='bbox 1141 4169 1229 4248; x_wconf 86' lang='lat' dir='ltr'>longe</span> <span class='ocrx_word' id='word_1_284' title='bbox 1246 4175 1273 4220; x_wconf 75' lang='lat'>⁵³·</span> 
     </span>
     <span class='ocr_line' id='line_1_38' title="bbox 170 4273 1276 4359; baseline -0.005 -21"><span class='ocrx_word' id='word_1_285' title='bbox 170 4274 344 4339; x_wconf 74' lang='lat' dir='ltr'>lulrerrimo</span> <span class='ocrx_word' id='word_1_286' title='bbox 370 4274 521 4356; x_wconf 82' lang='lat' dir='ltr'>corisilio,</span> <span class='ocrx_word' id='word_1_287' title='bbox 545 4273 662 4347; x_wconf 81' lang='lat' dir='ltr'>dilect-u</span> <span class='ocrx_word' id='word_1_288' title='bbox 687 4277 797 4338; x_wconf 91' lang='lat' dir='ltr'>antem</span> <span class='ocrx_word' id='word_1_289' title='bbox 822 4274 1019 4359; x_wconf 85' lang='lat' dir='ltr'>felicissimo,</span> <span class='ocrx_word' id='word_1_290' title='bbox 1043 4276 1140 4341; x_wconf 84' lang='lat' dir='ltr'>sociis</span> <span class='ocrx_word' id='word_1_291' title='bbox 1164 4274 1276 4338; x_wconf 83' lang='lat' dir='ltr'>laborm</span> 
     </span>
     <span class='ocr_line' id='line_1_39' title="bbox 170 4365 1279 4464; baseline -0.004 -17"><span class='ocrx_word' id='word_1_292' title='bbox 170 4382 319 4447; x_wconf 89' lang='lat' dir='ltr'>utebatur</span> <span class='ocrx_word' id='word_1_293' title='bbox 344 4379 620 4463; x_wconf 87' lang='lat' dir='ltr'>moderandaeqnc</span> <span class='ocrx_word' id='word_1_294' title='bbox 645 4380 786 4444; x_wconf 90' lang='lat' dir='ltr'>civitatis</span> <span class='ocrx_word' id='word_1_295' title='bbox 806 4380 1015 4464; x_wconf 87' lang='lat' dir='ltr'>administris,</span> <span class='ocrx_word' id='word_1_296' title='bbox 1038 4387 1077 4462; x_wconf 84' lang='lat' dir='ltr'>qt</span> <span class='ocrx_word' id='word_1_297' title='bbox 1092 4365 1279 4446; x_wconf 77' lang='lat' dir='ltr'>Altensteinil</span> 
     </span>
    </p>
   </div>
   <div class='ocr_carea' id='block_1_3' title="bbox 0 0 1472 5032">
    <p class='ocr_par' dir='ltr' id='par_1_3' title="bbox 0 0 1472 5032">
     <span class='ocr_line' id='line_1_40' title="bbox 0 0 1472 5032; baseline 0 0"><span class='ocrx_word' id='word_1_298' title='bbox 0 0 1472 5032; x_wconf 95' lang='lat' dir='ltr'> </span> 
     </span>
    </p>
   </div>
  </div>
 </body>
</html>
