2836 5034
146 336 211 401 392
440 346 700 396 successorihus
723 344 770 392 on
791 341 1004 393 asmomnvs

129 495 220 560 dem
248 491 458 559 festinantius
486 449 719 556 consulendum
747 491 811 572 est,
837 506 922 573 quse
949 506 1024 551 cnm
1050 485 1246 553 condicionibus

48 3218 142 3261 CXLVI

148 623 247 686 supra
268 599 438 684 explicatis
462 597 677 679 satisfaciant,
700 616 805 680 pauca
827 593 972 659 habeant
993 594 1046 659 vel
1067 593 1185 680 singula
1200 600 1247 659 tan·

147 711 217 772 tum
241 706 396 789 exempla.
441 702 606 788 Frequens
629 706 680 766 est
700 700 801 782 fores
823 699 1100 785 monosyllabum:
1120 698 1192 765 unda
1206 722 1248 767 non

147 816 277 878 tantum
297 803 386 894 [lorus
407 811 531 875 formae
553 807 642 873 Trin.
665 830 694 872 v.
713 808 779 873 276
798 810 922 873 certum
945 806 1142 892 praesidinm
1157 813 1249 892 pseu

148 922 208 1003 est,
237 919 427 1003 praesertim
447 939 523 982 oum
547 919 675 1001 praeter
701 915 768 980 alia
795 914 943 1000 exempla
969 914 1004 979 in
1027 911 1138 980 Sticho
1161 936 1251 1000 quoque

148 1025 206 1109 IV,
229 1026 259 1109 2,
285 1026 323 1090 l‘l
349 1025 409 1089 sit:

309 1129 395 1206 Quid
417 1128 527 1195 foras?
550 1128 652 1195 Foras
672 1127 784 1225 hercle
806 1149 914 1194 uero.
942 1178 950 1194 .
979 1178 985 1193 .
1014 1177 1039 1213 .,

148 1241 184 1302 et
206 1238 240 1302 in
263 1236 408 1302 Poenulo
432 1235 472 1320 V,
495 1235 526 1320 5,
548 1237 584 1300 4:

309 1336 385 1445 lpse
409 1358 492 1425 abiit
514 1359 610 1442 foras,
633 1360 686 1424 md
708 1358 867 1444 reliquit.
894 1410 902 1424 .
931 1410 937 1425 .
966 1384 990 1434 ,r

150 1483 206 1549 sed
228 1483 293 1549 nisi
321 1483 467 1549 fallimur
490 1483 589 1549 etiam
609 1472 715 1565 fdrum
736 1483 908 1549 vocabulo:
935 1482 1024 1569 quod
1045 1484 1109 1550 etsi
1130 1506 1185 1550 nec
1207 1482 1262 1549 slibi

150 1591 277 1675 repperi
305 1612 364 1656 nec
391 1591 426 1655 in
453 1590 589 1656 senariis
617 1589 873 1676 septenariisque
900 1589 998 1657 facile
1026 1591 1265 1657 concesserimin

150 1719 249 1762 rmum
277 1697 440 1782 syllabam
468 1700 670 1763 contractum
698 1694 790 1783 (nam
817 1695 933 1762 Pseud
956 1694 1015 1780 IV,
1039 1698 1069 1781 7,
1093 1697 1157 1762 132
1176 1696 1266 1762 tollen·

150 1791 227 1867 dum
249 1801 374 1889 lamb),
401 1808 512 1869 tamen
541 1826 561 1869 a
587 1803 796 1870 liberioribus
823 1802 945 1869 cantici
970 1804 1116 1869 numeris
1137 1825 1201 1869 non
1220 1823 1268 1868 esse

152 1908 294 1974 alienum
325 1911 439 1995 putavi
466 1933 495 1976 v.
523 1909 653 1994 261.**)
705 1907 952 1976 Dubitationem
978 1932 1047 1976 non
1074 1910 1174 1977 habet
1197 1912 1268 1976 ἀωιι

151 2005 286 2081 minos:
313 2038 373 2083 neo
399 2022 508 2082 tamen
532 2016 573 2082 ad
594 2018 707 2101 missus,
731 2016 816 2101 quod
839 2019 890 2082 est
912 2038 933 2082 a
954 2016 1121 2102 naseam,
1144 2038 1269 2103 umqum

152 2144 190 2188 ea
213 2124 393 2190 contractio
410 2124 562 2190 traducis
579 2127 638 2209 est,
660 2146 719 2189 nee
738 2123 779 2188 ad
798 2124 1057 2209 comparativum
1074 2126 1188 2192 mimas
1220 2121 1270 2189 cs

152 2229 197 2294 tis
221 2229 423 2296 documentis
447 2233 578 2296 constet
606 2228 644 2295 de
666 2222 795 2297 sinaut:
832 2230 921 2296 cuius
953 2230 1200 2299 similitudinem
1225 2250 1270 2299 nm

152 2337 286 2402 memini
307 2359 394 2403 nuno
415 2338 523 2404 secret
546 2360 674 2423 quoque
702 2337 806 2423 sequi,
834 2358 1031 2423 quamquam
1054 2338 1091 2405 id
1113 2340 1144 2406 ai
1164 2338 1199 2406 in
1216 2358 1271 2404 ans·

152 2444 303 2529 paesticis
330 2444 545 2510 octonariiave
574 2444 727 2509 offeratur
758 2445 908 2530 neglecta
938 2445 970 2511 ri
1002 2446 1180 2531 positionis
1206 2466 1272 2513 mor·

152 2557 281 2637 patum,
313 2574 380 2617 non
412 2551 473 2616 sim
505 2551 712 2617 dubitaturus
745 2551 892 2617 adhibita
928 2553 1038 2637 potius
1072 2552 1270 2639 monosyllaba

151 2659 414 2742 pronuntiatione
446 2656 624 2722 defendere.
674 2656 824 2723 Ceterum
857 2658 943 2743 quod
974 2658 1155 2725 identidem
1185 2654 1269 2724 morri

153 2768 245 2828 caute
269 2768 301 2827 et
324 2765 554 2846 circumspecte
579 2763 677 2827 etiam
700 2764 734 2828 in
757 2763 803 2827 eis
827 2763 1020 2829 versandum
1044 2787 1131 2850 esse,
1162 2766 1198 2832 de
1218 2784 1270 2849 quc

154 2892 225 2933 rum
253 2870 379 2934 ratione
406 2869 559 2933 universa
587 2871 666 2934 satis
696 2874 836 2954 constet,
867 2870 899 2935 id
927 2870 1030 2954 ipsius
1059 2874 1174 2938 siruul
1197 2868 1269 2956 parli-

155 2977 244 3040 eulae
273 2976 418 3060 exemplo
446 2975 656 3060 comprobare
684 2975 769 3040 lieet.
813 2974 899 3040 Nam
928 2974 1123 3044 Mercatoris
1150 2979 1195 3064 Il,
1214 2974 1269 3059 4,t

155 3104 227 3146 eum
251 3083 349 3167 vulgo
373 3084 419 3148 sie
441 3083 581 3168 legatur:
909 3152 912 3156 .

245 3189 333 3254 Tuus
357 3191 479 3255 amicus
503 3193 537 3255 et
560 3189 690 3273 sodalis,
713 3178 810 3256 simul
833 3193 958 3259 uicinus
981 3197 1174 3279 proxumus,

154 3296 370 3361 inveteratum
406 3297 522 3360 vitium
555 3296 790 3363 Ambrosianus
827 3299 936 3383 prodit
967 3305 997 3365 et
1032 3306 1200 3385 praestans
1228 3316 1264 3384 pn

152 3403 255 3468 arnul.
291 3402 360 3468 Nec
382 3404 457 3487 plus
481 3403 721 3486 probabilitatis
744 3403 865 3469 habere
887 3402 992 3470 Stichi
1014 3405 1058 3491 Π,
1081 3408 1112 3491 2,
1136 3409 1177 3473 23
1198 3404 1263 3471 trah

153 3510 265 3574 tioium
288 3501 440 3591 sirrrulquc
457 3508 662 3573 raritatem
686 3508 745 3590 [sie
764 3510 798 3574 in
818 3510 971 3592 editione]
991 3511 1180 3578 crediderim
1196 3524 1260 3596 qur!

153 3614 237 3680 hane
259 3638 369 3680 versus
393 3616 532 3680 formam
556 3615 652 3700 longe
676 3617 920 3700 elegantiorem:

242 3721 420 3786 Munditias
448 3722 524 3786 uolo
552 3719 634 3791 fieri.
662 3723 780 3789 ecferte
807 3724 871 3790 huc
898 3727 1027 3810 scopas:
1058 3726 1155 3791 simul
1176 3726 1259 3790 hant

953 3830 1074 3915 dinem,

155 3936 414 4000 commendatam
428 3959 448 4000 a
461 3958 513 4001 me
527 3936 632 4001 Musei
646 3937 760 4021 philol.
774 3936 821 4001 IV
836 3961 866 4022 p.
880 3938 946 4003 575
970 3940 1027 4021 [=
1043 3938 1157 4024 Opusc
1170 3927 1259 4023 philll

154 4063 183 4123 p.
199 4040 288 4121 325].
324 4040 399 4106 Non
419 4044 524 4128 magis
544 4047 616 4108 tuto
636 4043 748 4108 licebit
765 4042 917 4110 Pseuduli
940 4067 1037 4111 versu
1060 4046 1109 4110 uti
1127 4045 1166 4127 ΙΙ,
1185 4047 1205 4123 1,
1225 4038 1258 4103 ll÷

243 4269 268 4338 *)
293 4271 335 4339 [ln
354 4269 477 4325 editione
496 4271 666 4326 Bitschelins
684 4269 859 4339 transposuit
876 4269 973 4340 potius
990 4271 1063 4340 boc]

225 4360 267 4427 **)
287 4361 329 4429 [ln
349 4358 392 4413 ed.
407 4359 456 4413 alt.
475 4359 605 4414 adhunc
624 4375 736 4413 versum
756 4375 785 4414 se
802 4375 860 4414 non
879 4359 948 4415 satis
967 4361 1043 4416 recte
1062 4359 1114 4414 hoc
1126 4346 1254 4429 genstallfin

152 4447 236 4502 niisse
254 4446 361 4502 latetur
379 4445 556 4515 Bitschelina
575 4449 668 4513 soram
687 4464 736 4517 pro
755 4446 917 4517 pyrrhichio
935 4463 996 4504 esse
1013 4444 1188 4518 intellegam]
