2886 5032
147 298 192 360 90
468 313 548 359 verr
573 313 722 360 warena
745 312 810 360 sus
833 312 977 360 uocaus

218 451 370 522 linquenda
392 450 542 518 iudicavit3
567 453 668 508 deinde
693 451 824 523 graviora
848 455 878 507 et
903 467 975 522 quae
1000 451 1037 506 ad
1061 451 1135 506 bene
1157 451 1300 522 beateque

156 610 160 618 Ι
218 541 368 596 vivendum
387 541 530 610 pertinent
552 541 719 611 inquirenda
735 541 890 612 proposuit
929 541 984 596 Sed
1003 558 1065 596 cum
1084 539 1240 596 adrerum
1257 540 1300 596 iu·

217 630 385 685 veniendum
405 631 512 700 optimo
525 631 596 686 duce
610 648 680 700 opus
699 630 744 698 sit,
763 648 797 686 ex
815 631 944 686 omuibus
961 630 1198 701 philosophorum
1215 629 1299 685 fami·

219 719 267 774 liis
286 704 462 774 academicos
481 723 616 789 tanquam
634 719 847 774 excellentiores
865 719 980 790 delegit.
1010 718 1115 774 Verum
1129 735 1196 774 eum
1208 734 1302 789 neque

219 823 307 877 nugas
321 808 460 877 omittere,
479 826 570 878 neque
589 808 662 864 seria
679 825 844 879 proponere,
861 826 952 879 neque
970 808 1008 862 ad
1025 808 1077 863 illu
1094 810 1176 864 rocta
1188 807 1301 864 rat'one

221 897 353 966 progredi
376 898 443 952 eatis
468 897 517 966 sit,
541 896 595 952 nisi
619 897 717 953 eodem
736 897 963 952 ardentissimum
982 896 1114 966 studium,
1133 914 1191 966 quo
1209 896 1302 952 omnis

218 985 346 1042 socordia
363 989 549 1056 removeatur,
568 985 724 1042 accesserit.
761 985 864 1041 lcoirco
882 985 972 1040 tribus
991 985 1194 1042 efficacissimis
1209 985 1297 1055 aptis—

224 1074 356 1144 simisque
384 1076 638 1146 comparationibus
662 1076 767 1144 quanto
793 1074 880 1129 enimi
899 1074 999 1131 ardore
1017 1076 1087 1131 haec
1111 1076 1303 1145 prosequatur

220 1163 289 1218 mire
309 1163 480 1233 exprimit.*)

147 1269 174 1307 r.
189 1257 232 1309 28.
251 1252 378 1322 Lynceus
396 1252 481 1309 homo
495 1255 555 1308 tam
569 1257 646 1309 certa
665 1253 808 1309 oculorum
828 1251 887 1307 acie
906 1268 972 1307 usus
991 1254 1035 1309 est
1053 1254 1169 1308 auctore
1184 1252 1303 1308 Valerio

216 1341 246 1394 in
268 1340 353 1395 titulo
372 1341 406 1395 de
425 1342 567 1398 miraculis
582 1343 616 1415 [1,
636 1348 662 1411 8,
683 1344 738 1397 ext.
758 1343 818 1414 14],
841 1344 873 1396 ut
895 1341 925 1396 in
949 1340 1058 1397 Lilibeo
1080 1344 1166 1412 portu
1186 1341 1303 1397 Siciliae

216 1431 292 1484 stans
307 1427 569 1500 Carthaginensium
591 1431 768 1503 egredientes
794 1430 898 1486 classes
913 1430 1075 1487 intueretur.
1101 1430 1184 1485 Vnde
1203 1429 1304 1485 Linoei

217 1517 292 1573 oculi
314 1516 358 1571 illi
377 1519 505 1574 acerrimi
524 1522 553 1574 et
571 1519 726 1575 acutissimi
744 1519 883 1575 dicuntur.
908 1518 1019 1574 Solinus
1037 1520 1133 1575 tamen
1151 1519 1232 1575 hunc
1246 1534 1304 1575 nou

217 1608 368 1678 Lynceum,
387 1609 435 1663 sed
455 1608 621 1665 Strabonem
640 1609 817 1665 nominatum
836 1608 919 1664 fuisse
938 1608 1044 1664 scribit.

144 1714 170 1752 v.
185 1701 228 1752 31.
249 1695 386 1768 chiragra
404 1697 518 1754 morbus
532 1700 576 1753 est
590 1715 688 1753 manus
704 1713 843 1768 occupans
857 1699 887 1752 et
900 1695 1066 1752 contrahens
1079 1695 1155 1752 siout
1167 1696 1301 1767 podagra

216 1785 320 1855 pedes3
348 1787 421 1842 hane
449 1788 585 1844 nodosam
614 1790 707 1844 vocat.
753 1787 827 1842 Nam
854 1805 917 1843 cum
945 1785 1110 1841 internodiis
1140 1784 1302 1856 digitorum

220 1873 339 1929 crassior
356 1874 455 1929 humor
473 1877 663 1946 cohaereseet,
682 1876 818 1947 turgescit
836 1876 915 1931 locus
933 1877 1067 1945 tanquam
1082 1873 1149 1929 nodi
1169 1873 1303 1944 lapillire

217 1962 310 2017 insint.
351 1963 431 2019 Vnde
459 1965 530 2020 illud
557 1966 721 2021 Persienum
748 1965 791 2036 [b‚
816 1970 850 2020 58
874 1964 942 2036 sq.]:
973 1962 1045 2019 ‘Sed
1072 1980 1136 2019 cum
1168 1962 1304 2033 lapidosa

222 2050 371 2122 chiragra!
387 2052 503 2124 fregerit
521 2054 724 2123 articulos.'**)

144 2174 169 2210 v.
190 2163 231 2213 37.
251 2158 361 2214 Allusio
370 2161 415 2216 est
428 2159 464 2214 ad
478 2160 654 2230 sacrificium,
668 2161 698 2215 in
713 2178 768 2231 qno
781 2162 891 2216 ueteres
905 2176 1021 2216 numero
1034 2157 1158 2216 ternario
1174 2159 1301 2215 maxime

215 2246 378 2316 utebantur,
407 2250 528 2320 quodie
551 2249 581 2304 in
604 2249 707 2304 divinis
730 2249 871 2321 perfectus
896 2251 941 2305 sit.
979 2248 1121 2319 Vergilius
1138 2247 1170 2302 iu
1188 2247 1300 2305 ludicro

218 2335 351 2392 Bucolico
380 2340 497 2411 [8,‘13]:
528 2339 638 2394 ‘Temo
660 2340 712 2394 tibi
736 2341 806 2395 haec
828 2339 950 2410 primum
975 2337 1082 2407 triplici
1110 2335 1227 2392 diversa
1255 2355 1301 2394 oo·

217 2424 276 2480 lore
296 2428 301 2495 1
321 2427 395 2481 lilia
414 2428 569 2495 circumdo,
587 2430 685 2496 terque
708 2427 778 2482 haec
798 2426 900 2481 altaria
918 2425 1022 2481 circum
1039 2427 1043 2493 Ι
1060 2423 1192 2494 Effigiem
1211 2424 1300 2482 duoo:

220 2530 336 2570 numero
354 2515 423 2571 deus
441 2516 548 2586 impare
566 2515 758 2586 gaudet.’***)

147 2618 172 2656 v.
193 2607 235 2656 41.
264 2603 368 2674 Incipit
389 2603 446 2658 iam
469 2603 617 2659 instituere
640 2604 744 2658 bouum
767 2603 858 2658 virum
882 2604 978 2673 poeta,
1004 2601 1082 2656 cuius
1105 2599 1233 2657 officium
1257 2604 1300 2658 aa

218 2691 315 2761 lugere
333 2693 403 2746 vitia
421 2694 450 2747 et
467 2691 601 2761 amplecti
619 2691 747 2746 virtutes.
776 2690 997 2758 Quamuisenim
1015 2689 1105 2745 virtus
1125 2689 1163 2744 sit
1177 2691 1295 2747 habitus

218 2779 313 2835 firmus
331 2780 361 2835 in
379 2781 487 2835 rationo
501 2781 572 2836 bene
587 2782 726 2851 suscepta,
744 2783 848 2848 tomen,
863 2779 994 2849 quoniam
1008 2796 1063 2834 non
1077 2779 1173 2850 potest
1191 2780 1297 2836 intrare

216 2869 348 2938 animum,
371 2868 426 2923 nisi
444 2869 544 2923 vitium
567 2869 594 2924 ei
619 2868 789 2925 contrarium
814 2868 891 2939 prius
909 2867 1099 2936 removeatur,
1118 2867 1186 2922 hine
1205 2868 1297 2938 ipsam

215 2957 346 3012 vitiorum
365 2958 461 3026 fugam
480 2958 592 3014 initium
610 2958 721 3013 uirtutis
740 2973 800 3014 esse
819 2957 931 3027 dicit.†)

146 3064 171 3102 v.
192 3053 234 3100 45.
259 3047 360 3102 Sensus
384 3046 552 3102 Horatianus
576 3050 620 3103 est
641 3048 708 3102 iste:
735 3047 775 3103 Si
789 3046 916 3102 omnibus
939 3044 1072 3116 periculis
1095 3044 1297 3116 laboribusque

216 3134 426 3205 navigationem
451 3138 533 3207 tuam·
559 3136 594 3190 ad
620 3136 703 3191 Indos
732 3152 819 3205 usque
846 3134 985 3204 instituis,
1016 3135 1070 3189 bae
1098 3133 1160 3189 sola
1185 3135 1297 3192 ratione

215 3224 315 3291 motus,
334 3226 367 3278 ut
383 3227 579 3295 paupertatem
598 3241 669 3294 quae
688 3226 763 3279 mala
781 3241 837 3279 non
857 3226 901 3279 est
917 3223 1024 3295 fugias,
1043 3223 1134 3277 multo
1156 3224 1250 3294 magis
1268 3224 1298 3280 in

216 3315 267 3366 tua
290 3312 384 3381 patria
409 3311 469 3367 sine
492 3314 617 3384 periculo
641 3317 671 3369 et
696 3315 791 3369 labore
816 3313 922 3368 discere
950 3314 979 3366 et
1005 3309 1102 3366 audire
1132 3311 1236 3382 debes,
1265 3316 1299 3368 ut

214 3398 321 3469 pariter
343 3404 373 3455 et
395 3401 550 3457 rationibus
575 3401 674 3457 doetus
699 3403 729 3456 et
751 3399 918 3456 auctoritate
937 3402 1030 3455 motus
1048 3415 1082 3453 ea
1100 3415 1175 3469 quae
1195 3401 1299 3472 vulgus

215 3489 333 3544 miratur
351 3489 440 3545 uitare
458 3491 555 3560 possis.

142 3596 168 3633 r.
188 3585 230 3633 52.
255 3578 346 3633 Causa
364 3595 451 3648 quare
470 3579 585 3635 dividas
604 3579 701 3635 virtuti
720 3581 860 3648 proponat
878 3581 1024 3646 mercator,
1048 3577 1120 3632 baec
1138 3581 1192 3650 est
1220 3579 1298 3650 quod

214 3668 275 3738 ipse
294 3667 382 3738 pluris
401 3685 449 3723 eas
468 3685 501 3723 ex
520 3669 598 3739 vulgi
616 3668 747 3739 opinione
766 3666 854 3722 faciat
872 3684 956 3737 quam
974 3667 1109 3722 virtutem
1127 3665 1233 3737 ipsam.

142 3775 168 3812 v.
188 3763 231 3813 56.
250 3757 359 3811 Alludit
378 3757 414 3810 ad
432 3758 488 3811 tres
506 3758 568 3812 Iani
587 3760 703 3826 statuas,
722 3757 759 3810 ad
776 3773 894 3826 quarum
908 3756 1030 3812 mediam
1045 3755 1170 3810 maxima
1188 3757 1302 3815 fiebunt

215 3845 420 3915 negotiatorum
443 3846 625 3916 commercia,
649 3847 697 3917 qui
721 3863 816 3903 omnes
839 3864 894 3902 uno
918 3863 965 3901 ore
988 3845 1030 3901 ita
1052 3845 1232 3903 clamabant:
1261 3848 1298 3905 ‘0

214 3933 288 3988 cives
307 3934 381 3990 cives
400 3936 543 4004 querenda
560 3935 689 4006 pecunia’
710 3938 763 3991 etc.

143 4073 356 4080 ..ι-,ᾠα-

233 4148 258 4215 *l
276 4149 342 4204 Dies
360 4149 430 4203 alles
448 4165 498 4204 aus
516 4148 708 4204 Mancinellus.

215 4237 257 4305 **)
276 4238 359 4293 Dieae
377 4237 555 4307 Bemerkung
574 4256 629 4293 von
649 4237 733 4290 ‘Nam
752 4237 828 4290 oum'
850 4254 885 4291 au
905 4236 1034 4292 wbrtlich
1052 4254 1104 4292 uus
1123 4238 1249 4297 tandin.

196 4325 255 4392 ***)
275 4325 359 4381 Diese
378 4325 555 4396 Bemerkung
573 4325 629 4381 last
646 4324 775 4379 wbrtlich
794 4342 844 4379 aus
864 4326 980 4380 Laudic.

233 4419 262 4485 †)
280 4415 363 4470 Diese
382 4415 560 4485 Bemerkung
578 4431 632 4471 sou
653 4414 809 4483 ‘Quamvis'
830 4432 868 4470 an
885 4415 1014 4470 wdrtlich
1032 4431 1083 4470 aus
1101 4416 1227 4478 tandin.
