2836 5034
237 350 303 416 366
526 367 788 418 nnonnconnua
811 364 857 414 nn
882 361 1097 416 narronmvs

236 515 295 596 fiat
318 513 383 579 594
403 513 604 598 aliorumque
628 536 761 580 numero
785 514 1008 599 plurimorum,
1032 513 1151 599 quibus
1175 531 1278 598 conger

236 622 313 687 nolo
342 622 458 705 longus
482 642 560 686 esse.
607 619 763 686 Graviora
786 624 896 686 tamen
919 621 1052 706 reliquis
1077 621 1160 685 haec
1181 623 1265 703 sunt,

238 729 271 794 in
300 751 366 793 uno
394 726 428 791 D
456 728 568 812 elapsa
595 751 624 792 v.
654 729 727 793 276.
755 729 821 793 463
847 728 942 809 soros
961 732 995 793 et
1020 749 1082 812 epo,
1110 749 1192 812 qnae
1218 727 1278 791 etia

162 849 224 888 th
239 835 395 899 millimae
419 835 582 918 ceteroqui
601 835 797 899 condicionis
820 834 904 899 liber
926 834 954 900 0
973 838 1096 916 servat,
1119 834 1197 899 item
1219 833 1258 898 ab

237 944 368 1008 abeunt:
392 942 442 1006 vel
461 941 546 1026 quod
569 942 641 1023 circs
655 947 811 1024 apostatam
837 942 871 1006 in
895 943 974 1007 solis
998 940 1144 1005 DEFZ
1162 944 1278 1024 hanspv

235 1073 264 1115 v.
283 1050 358 1135 338,
381 1048 617 1132 eorundemque
641 1049 821 1114 communis
845 1053 895 1114 est
917 1072 946 1114 v.
964 1049 1027 1113 411
1048 1047 1180 1128 eeimiis
1194 1069 1278 1138 corru

237 1159 329 1242 Quid,
352 1156 439 1241 quod
464 1157 511 1221 eis
534 1157 624 1239 locis,
648 1157 701 1241 qui
725 1156 956 1223 correctionem
981 1154 1143 1220 secundae
1166 1176 1275 1219 manus

236 1265 326 1349 passi
349 1269 434 1344 sunt,
457 1284 522 1327 non
546 1284 619 1327 raro
649 1263 683 1325 in
706 1268 831 1347 partem
855 1261 1054 1327 noviciorum
1079 1261 1238 1326 librorum
1259 1283 1277 1344 p

235 1392 350 1437 manus
375 1371 536 1454 scriptura
558 1369 699 1451 transiit,
723 1370 882 1434 secundae
905 1369 939 1434 in
957 1369 1094 1434 alteram
1112 1368 1260 1453 partem?

236 1500 308 1543 cum
339 1502 368 1542 v.
398 1477 474 1541 410.
505 1477 566 1541 851
600 1476 719 1556 obtem
741 1480 775 1540 et
804 1477 901 1559 mabit
929 1476 964 1541 F
990 1476 1124 1540 exhibet
1154 1497 1227 1540 cum
1254 1474 1278 1538 h

235 1585 355 1665 obimus
374 1589 407 1648 et
435 1587 507 1666 tepit
534 1606 552 1647 e
580 1583 632 1649 Db
660 1585 776 1669 reliqui
807 1588 1031 1669 susceperunt,
1059 1585 1113 1648 vel
1140 1606 1170 1647 v.
1196 1584 1256 1648 347

235 1692 385 1771 lmhcrnff
399 1693 433 1754 in
456 1691 534 1772 FZ,
561 1691 732 1772 habeancus
752 1693 786 1756 in
809 1693 844 1756 Ε
869 1691 1013 1757 manavit
1034 1713 1052 1755 e
1074 1690 1143 1775 Do,
1165 1691 1242 1754 item
1264 1712 1278 1752 v

235 1820 323 1863 merc
351 1821 367 1862 e
392 1797 444 1862 Db
472 1796 505 1862 in
532 1798 564 1861 Z
588 1802 622 1862 et
644 1799 679 1863 E
698 1820 770 1882 nep,
798 1807 941 1882 francae
963 1821 980 1863 e
1002 1797 1059 1863 Do
1085 1799 1119 1862 in
1142 1798 1221 1862 EF.
1265 1795 1278 1859 l

235 1928 332 1989 quam
361 1906 552 1990 plerumque
581 1928 658 1970 sane
688 1905 722 1968 in
748 1906 853 1970 ΕΕΖ
880 1905 1010 1970 transiit
1037 1904 1122 1990 quod
1151 1903 1186 1967 in
1209 1903 1260 1966 Db

235 2035 300 2078 non
333 2012 418 2097 quod
455 2013 489 2075 in
517 2011 584 2096 Do,
618 2017 655 2077 ut
684 2036 711 2077 v.
739 2013 814 2077 286.
842 2013 917 2077 288.
945 2012 1021 2077 321.
1049 2012 1122 2077 665.
1155 2011 1254 2076 1083:

235 2119 396 2185 rationem
419 2120 567 2184 obtinere
596 2123 771 2197 memento,
801 2119 994 2203 ubicumque
1021 2120 1112 2182 nulla
1141 2116 1194 2182 Do
1221 2139 1278 2180 mer

91 2261 95 2271 =
183 2277 185 2287 .
234 2226 322 2291 facta
345 2248 361 2289 e
386 2226 455 2290 solo
479 2225 535 2290 Do
562 2226 749 2309 discrepans
774 2227 933 2309 scriptura
956 2226 990 2289 in
1009 2225 1222 2290 annotatione
1242 2227 1278 2289 all

235 2337 271 2398 ut
293 2357 322 2398 v.
346 2333 419 2398 266.
443 2334 517 2398 278.
564 2331 649 2396 Hinc
673 2335 780 2398 autem
804 2333 1008 2416 intellegitur
1029 2332 1096 2397 iam
1119 2331 1272 2396 habuisse

234 2441 369 2505 nianum
392 2440 551 2504 secundae
567 2449 689 2505 'manus
713 2444 914 2505 correcturas
937 2439 1025 2523 illas,
1053 2461 1118 2523 quo
1141 2443 1278 2522 tempora

234 2548 361 2611 exstitit
384 2548 585 2611 noviciorum
610 2548 763 2611 codicum.

322 2655 449 2719 Nicolai
479 2658 588 2719 autem
616 2653 741 2718 Treviri
772 2653 872 2719 codex
905 2653 999 2717 simul
1031 2657 1129 2736 atque
1160 2653 1278 2715 Roman

234 2765 345 2825 vectus
365 2767 423 2844 est,
442 2761 517 2825 ilico
537 2762 576 2825 de
595 2760 748 2844 parandis
769 2759 968 2843 apographis
987 2759 1124 2842 cogitari
1144 2762 1278 2842 coeptun

234 2871 267 2931 et
287 2889 338 2931 res
361 2869 433 2950 ipsa
456 2868 537 2931 facit
559 2871 596 2931 ut
619 2866 786 2932 credamus
811 2870 843 2929 et
867 2866 1054 2950 plenissime
1072 2863 1200 2929 Porsen
1225 2866 1274 2948 epi

234 2979 406 3039 testantur.
445 2975 537 3051 Quod
557 2976 685 3060 quidem
709 2975 879 3040 consilium
904 2974 1064 3057 duplicem
1089 2978 1240 3037 eventum
1261 2973 1278 3035 h

234 3081 301 3148 Aut
329 3083 414 3146 enim
443 3082 656 3166 archetypum
685 3082 867 3164 exemplum
896 3081 984 3145 omni
1008 3079 1165 3164 religione
1191 3081 1278 3163 simp

234 3189 525 3271 transcribebatur,
555 3193 611 3252 aut
634 3188 786 3253 correctis
811 3209 869 3270 pro
901 3186 987 3249 virili
1015 3189 1107 3268 parte
1136 3185 1278 3249 innume]

234 3296 293 3360 bus
325 3297 503 3379 scripturae
534 3295 622 3358 vitiis
654 3301 686 3358 et
716 3293 910 3377 corruptelis
940 3314 1060 3356 novum
1091 3313 1194 3376 genus
1226 3293 1278 3356 lin

232 3404 367 3488 peperit.
412 3402 457 3465 Et
488 3401 584 3465 huius
620 3401 750 3485 quidem
781 3400 908 3484 generis
940 3422 998 3485 per
1030 3400 1197 3464 litteratae
1230 3400 1278 3463 En

233 3513 335 3573 terras
369 3509 493 3573 codices
527 3508 622 3572 hodie
656 3511 785 3571 exstant
815 3507 962 3590 plurimi,
995 3508 1165 3589 panciores
1200 3509 1278 3590 prior

233 3617 318 3702 quod
348 3618 448 3681 sciam
473 3616 596 3679 Romae
623 3619 753 3679 tantum
777 3618 810 3677 et
833 3612 1025 3679 Florentiae.
1072 3614 1278 3680 Pertinenth

234 3724 264 3786 (ι’
288 3727 321 3788 et
344 3724 479 3807 propius
503 3723 602 3786 etiam
627 3723 666 3785 ad
686 3721 720 3785 D
742 3719 898 3784 accedens
919 3719 954 3803 (l,
977 3723 1031 3804 qui
1056 3725 1106 3785 est
1129 3721 1278 3785 nitidissir

140 3864 217 3904 xm
233 3830 457 3914 pulcherrimis
481 3830 679 3894 membranis
704 3829 842 3910 scriptus
867 3826 1169 3909 Laurentianus,
1194 3827 1277 3891 inter

232 3937 346 4001 dianos
370 3939 414 4021 pl.
438 3936 613 4001 LXXXXI.
640 3937 695 4017 12,
723 3936 828 4018 ipsam
858 3937 1023 3998 externam
1052 3936 1191 4017 speciem
1217 3934 1278 3997 l'rs

233 4066 360 4107 summa
383 4044 444 4107 fide
469 4045 519 4107 vel
552 4042 777 4106 minutissimis
808 4042 840 4105 in
865 4042 960 4105 rebus
985 4040 1140 4123 referens,
1168 4047 1205 4105 ut
1233 4065 1278 4104 exv

233 4150 326 4215 docui
354 4150 457 4215 Musei
488 4150 600 4233 philol.
624 4148 671 4212 IV
699 4172 730 4232 p.
754 4149 819 4211 356
850 4150 905 4228 [=
931 4147 1045 4231 Opusc.
1074 4147 1153 4232 phil.
1177 4147 1209 4212 Il
1238 4173 1266 4232 p.

232 4255 373 4321 Rursum
402 4257 497 4321 huius
527 4256 630 4339 ipsius
660 4255 882 4340 apographum
911 4257 965 4318 vix
994 4256 1156 4340 ambiguis
1180 4256 1275 4320 indici

234 4363 342 4426 telleri
371 4364 404 4427 Ε
430 4386 513 4444 esse,
544 4363 651 4446 qualis
682 4363 811 4445 quidem
841 4385 860 4425 a
889 4364 996 4446 prima
1024 4384 1122 4427 manu
1150 4364 1271 4446 prodiit

232 4470 293 4534 Εα.
340 4470 420 4534 Eius
449 4470 550 4554 igitur
578 4470 770 4552 scripturam
801 4491 858 4551 per
886 4474 988 4534 totam
1012 4469 1236 4534 Trinummum
1265 4494 1278 4531 s
