2836 5034
207 298 274 363 480
497 314 758 361 enonnuouana
782 313 829 360 nn
853 311 1064 361 annuamus

205 481 227 542 9
249 458 318 522 Mil.
341 458 400 543 Ill,
426 461 453 542 1,
477 461 557 524 207:

298 599 364 679 Qui
385 601 450 665 nisi
473 602 632 666 adulterio
657 602 859 666 studiosus.
920 654 926 665 .
987 654 994 666 .
1055 654 1061 665 .
1121 653 1128 665 .

209 744 229 806 a
253 744 321 807 ml.
345 742 391 827 Π,
415 744 444 827 3,
467 730 565 808 25:⁴

298 880 400 949 Trium
424 884 680 971 stultiloquidm.
717 887 772 971 qui
796 910 874 952 uero
919 939 925 952 .
986 939 992 952 .
1054 940 1060 950 .
1122 938 1128 949 .
1186 938 1192 950 .
1246 939 1251 950 .
1288 933 1292 946 .

211 1052 274 1113 quo
294 1031 442 1113 exemplo
462 1030 541 1094 satis
556 1028 739 1094 defenditur
753 1029 839 1114 quod
854 1029 1060 1094 Hermannus
1075 1031 1186 1112 posuit
1197 1028 1316 1092 Bacchi:

298 1171 359 1236 Pol
383 1170 572 1236 lusciniolae
595 1193 723 1256 quoque
747 1176 855 1235 metuo
922 1224 1258 1235 ......

212 1314 266 1377 ubi
290 1313 359 1396 ipse
382 1311 484 1377 Vetus
508 1292 632 1378 omittit
655 1314 742 1398 quod
765 1315 864 1399 vulgo
888 1313 1017 1379 additur
1040 1312 1146 1398 most)

209 1423 223 1483 i
245 1419 331 1485 Trin.
351 1421 392 1484 37
396 1421 429 1485 8:
1062 1439 1065 1443 ’

299 1546 412 1646 Egone
432 1562 611 1627 indotatam
631 1569 663 1626 te
682 1586 815 1628 uxorem
834 1568 871 1628 ut
884 1562 1015 1647 patiar?
1038 1563 1107 1629 LY.
1120 1566 1323 1649 patiundrims

1063 1676 1174 1755 pater:

210 1798 285 1839 nam
317 1776 393 1840 huio
425 1777 548 1841 formae
581 1779 659 1842 satis
692 1777 847 1862 praesidii
875 1781 1025 1861 paratum
1054 1798 1126 1842 esse
1157 1780 1207 1844 eis
1238 1781 1323 1845 videt*

211 1905 291 1965 quas
315 1882 372 1962 Ββ
395 1888 428 1946 et
450 1884 492 1964 Ιβ
515 1884 633 1949 litteris
658 1886 867 1969 signavimus,
913 1883 1117 1968 Quamquam
1143 1908 1220 1951 oum
1245 1895 1273 1951 te
1294 1912 1323 1972 pr

209 2011 326 2053 nomen
351 1991 588 2056 Ambrosianus
612 1993 752 2077 ignoret,
776 1993 885 2077 quaeri
910 1994 1019 2074 potest
1042 2014 1118 2056 num
1145 1993 1235 2058 forte
1255 2018 1275 2058 a
1293 2020 1323 2079 pu

210 2100 263 2159 tae
287 2118 383 2160 manu
410 2098 527 2160 horum
552 2099 682 2182 aliquod
706 2100 926 2182 exemplorum
950 2118 1033 2182 quae
1057 2098 1147 2162 infra
1171 2101 1270 2182 posui
1293 2123 1323 2183 pr

211 2203 330 2266 fectum
355 2204 410 2268 sit:

300 2330 413 2449 digana
437 2346 617 2412 indotatam
641 2351 777 2413 rixorem
801 2352 838 2411 ut
860 2352 893 2411 te
915 2347 1023 2431 patiar
1053 2398 1059 2412 .
1122 2400 1129 2410 .

299 2453 413 2557 Egone
437 2459 474 2518 ut
496 2459 529 2518 te
554 2454 735 2519 indotatam
760 2476 891 2518 uxorem
915 2454 1021 2536 patiar
1051 2505 1057 2516 .
1122 2506 1128 2517 .
1194 2508 1201 2518 .
1265 2511 1271 2520 .

299 2560 412 2644 Egone
436 2563 616 2626 indotatam
642 2566 678 2624 rit
701 2566 733 2625 te
758 2584 888 2626 uxorem
914 2560 1022 2643 patiar
1054 2614 1059 2623 .
1123 2613 1129 2623 .

209 2702 228 2764 Ic
251 2702 337 2767 Trin.
365 2706 461 2769 1138:

300 2809 397 2874 Modo
421 2813 465 2876 mi
490 2811 677 2878 aduenienti
698 2819 857 2897 nugator.
918 2865 924 2876 .
985 2865 990 2875 .
1052 2863 1057 2874 .

210 2955 237 3015 si
262 2955 363 3018 libros
389 2957 560 3039 sequimur.
603 2955 723 3021 Verum
748 2956 810 3020 hou
833 2978 927 3019 nemo
950 2976 1015 3018 non
1040 2955 1142 3018 sentit
1167 2963 1291 3039 quanto

139 3080 195 3119 con
211 3062 318 3142 perius
343 3061 382 3124 ad
407 3085 498 3125 aures
524 3063 649 3126 aecidat
673 3084 768 3146 quam
794 3063 900 3145 speeie
923 3065 1050 3124 tantum
1071 3060 1201 3125 similia
1222 3064 1323 3127 luscuu'

210 3168 258 3229 loe
280 3173 313 3231 et
335 3171 516 3232 inoratam:
542 3192 623 3253 quae
647 3170 804 3252 asperitas
829 3169 923 3231 nobis
948 3172 1015 3232 tam
1041 3171 1091 3231 est
1115 3169 1323 3234 molestaris

210 3279 245 3335 ut
269 3298 341 3338 eum
367 3298 493 3339 versum
517 3298 581 3339 non
606 3277 828 3340 dubitaremus
853 3273 1069 3337 immissulus·
1093 3275 1134 3336 ad
1160 3276 1252 3339 illius
1276 3278 1323 3339 sin

209 3381 378 3446 litudinem
402 3406 551 3448 revocare
562 3383 612 3469 **)
636 3384 691 3466 qui
715 3388 765 3445 est
788 3383 821 3446 in
844 3379 959 3445 Baooh.
985 3381 1049 3443 506
1075 3381 1187 3461 [ir-381:

298 3523 383 3588 Ndm
409 3549 489 3608 quae
512 3527 689 3589 dilatatatum
712 3525 880 3608 aegritudo
917 3574 1266 3589 ......

298 3666 420 3729 'santae
445 3668 541 3730 molis
566 3673 636 3731 erat
659 3669 914 3749 septenariorum
939 3665 1183 3730 troulraioorum
1206 3674 1240 3732 et
1259 3676 1323 3732 arte

208 3773 358 3834 eximiam
388 3777 420 3835 et
448 3775 607 3837 modicam
632 3775 790 3858 certisque
815 3773 933 3836 finibus
957 3760 1242 3856 'circumscriptam
1269 3777 1323 3839 libe

208 3885 307 3942 tatem
333 3879 502 3961 explicare.
534 3878 584 3942 Ne
608 3885 717 3943 tamen
742 3881 775 3943 in
794 3879 928 3942 nimiam
949 3878 1065 3942 molem
1087 3881 1257 3962 praefatio
1283 3904 1323 3946 (τε

208 3989 272 4067 eat,
297 3986 420 4068 reliqua
444 3991 546 4050 metra
570 3988 665 4049 mitto
690 3988 722 4049 in
747 4008 908 4068 praesens,
932 3987 965 4049 in
990 4008 1027 4048 eo
1052 3986 1124 4049 solo
1151 3991 1323 4074 acquiesce

208 4098 243 4155 ut
267 4093 478 4156 iambieorum
503 4095 802 4175 trochaieorumque
828 4094 859 4156 in
885 4093 1086 4157 observando
1111 4104 1256 4160 accentu
1282 4119 1323 4161 sei

297 4274 321 4335 *)
342 4270 393 4336 [Cf.
415 4269 514 4338 Opuse.
535 4269 602 4337 phil.
624 4270 647 4321 ΙΙ
667 4288 693 4337 p.
714 4271 787 4337 301]

277 4359 318 4425 **)
340 4360 383 4427 [In
403 4360 444 4412 ed.
460 4359 508 4412 alt.
531 4360 691 4411 aduenienti
709 4358 825 4426 reliquit
843 4357 947 4412 addens
968 4358 1031 4411 ‘etsi
1050 4358 1120 4412 ferri
1140 4365 1252 4431 potest,
1272 4368 1323 4418 tan

207 4447 281 4499 haud
301 4446 357 4500 seio
378 4465 412 4499 an
432 4451 507 4499 reete
528 4447 663 4514 gratiores
684 4463 813 4500 numeros
829 4448 988 4499 urtueaientr'
1002 4448 1046 4499 dic
1060 4453 1323 4507 commendaverim
