<?xml version="1.0" encoding="UTF-8"?>
<!DOCTYPE html PUBLIC "-//W3C//DTD XHTML 1.0 Transitional//EN"
    "http://www.w3.org/TR/xhtml1/DTD/xhtml1-transitional.dtd">
<html xmlns="http://www.w3.org/1999/xhtml" xml:lang="en" lang="en">
 <head>
  <title>
</title>
<meta http-equiv="Content-Type" content="text/html;charset=utf-8" />
  <meta name='ocr-system' content='tesseract 3.04.00' />
  <meta name='ocr-capabilities' content='ocr_page ocr_carea ocr_par ocr_line ocrx_word'/>
</head>
<body>
  <div class='ocr_page' id='page_1' title='image "./fridericiritsch00ritsgoog_0789.png"; bbox 0 0 2886 5032; ppageno 0'>
   <div class='ocr_carea' id='block_1_1' title="bbox 638 307 1304 397">
    <p class='ocr_par' dir='ltr' id='par_1_1' title="bbox 638 307 1304 397">
     <span class='ocr_line' id='line_1_1' title="bbox 638 307 1304 397; baseline -0.002 -23"><span class='ocrx_word' id='word_1_1' title='bbox 638 326 792 375; x_wconf 77' lang='lat' dir='ltr'>nunsuo.</span> <span class='ocrx_word' id='word_1_2' title='bbox 1221 307 1281 373; x_wconf 81' lang='grc'>761</span> <span class='ocrx_word' id='word_1_3' title='bbox 1298 388 1304 397; x_wconf 27' lang='lat'>⁸</span> 
     </span>
    </p>
   </div>
   <div class='ocr_carea' id='block_1_2' title="bbox 139 471 1286 2054">
    <p class='ocr_par' dir='ltr' id='par_1_2' title="bbox 139 471 1286 2054">
     <span class='ocr_line' id='line_1_2' title="bbox 141 471 1284 557; baseline -0.003 -19"><span class='ocrx_word' id='word_1_4' title='bbox 141 493 328 557; x_wconf 80' lang='lat' dir='ltr'>expromere</span> <span class='ocrx_word' id='word_1_5' title='bbox 358 493 455 555; x_wconf 88' lang='lat' dir='ltr'>quam</span> <span class='ocrx_word' id='word_1_6' title='bbox 488 472 607 537; x_wconf 89' lang='lat' dir='ltr'>iustam</span> <span class='ocrx_word' id='word_1_7' title='bbox 642 471 946 537; x_wconf 77' lang='lat' dir='ltr'>commentationem</span> <span class='ocrx_word' id='word_1_8' title='bbox 981 492 1158 554; x_wconf 88' lang='lat' dir='ltr'>nexamque</span> <span class='ocrx_word' id='word_1_9' title='bbox 1186 471 1284 535; x_wconf 89' lang='lat' dir='ltr'>ratio-</span> 
     </span>
     <span class='ocr_line' id='line_1_3' title="bbox 140 576 1285 663; baseline -0.004 -18"><span class='ocrx_word' id='word_1_10' title='bbox 140 578 269 645; x_wconf 89' lang='lat' dir='ltr'>cinandi</span> <span class='ocrx_word' id='word_1_11' title='bbox 287 579 533 644; x_wconf 74' lang='lat' dir='ltr'>continuitatem</span> <span class='ocrx_word' id='word_1_12' title='bbox 556 578 657 643; x_wconf 91' lang='lat' dir='ltr'>edere.</span> <span class='ocrx_word' id='word_1_13' title='bbox 693 579 807 663; x_wconf 89' lang='lat' dir='ltr'>ltaque</span> <span class='ocrx_word' id='word_1_14' title='bbox 830 601 869 644; x_wconf 89' lang='lat' dir='ltr'>ex</span> <span class='ocrx_word' id='word_1_15' title='bbox 891 579 964 662; x_wconf 85' lang='lat' dir='ltr'>ipsa</span> <span class='ocrx_word' id='word_1_16' title='bbox 987 577 1043 643; x_wconf 87' lang='lat' dir='ltr'>illa</span> <span class='ocrx_word' id='word_1_17' title='bbox 1066 577 1178 642; x_wconf 87' lang='lat' dir='ltr'>fabula</span> <span class='ocrx_word' id='word_1_18' title='bbox 1191 576 1285 641; x_wconf 86' lang='lat' dir='ltr'>Plau·</span> 
     </span>
     <span class='ocr_line' id='line_1_4' title="bbox 142 684 1286 772; baseline -0.004 -20"><span class='ocrx_word' id='word_1_19' title='bbox 142 688 214 752; x_wconf 90' lang='lat' dir='ltr'>tina</span> <span class='ocrx_word' id='word_1_20' title='bbox 236 709 309 751; x_wconf 88' lang='lat' dir='ltr'>earn</span> <span class='ocrx_word' id='word_1_21' title='bbox 328 688 456 771; x_wconf 89' lang='lat' dir='ltr'>partem</span> <span class='ocrx_word' id='word_1_22' title='bbox 474 685 589 772; x_wconf 83' lang='lat' dir='ltr'>delegi,</span> <span class='ocrx_word' id='word_1_23' title='bbox 613 709 677 771; x_wconf 87' lang='lat' dir='ltr'>qua</span> <span class='ocrx_word' id='word_1_24' title='bbox 696 686 822 751; x_wconf 88' lang='lat' dir='ltr'>cantica</span> <span class='ocrx_word' id='word_1_25' title='bbox 843 686 1053 752; x_wconf 88' lang='lat' dir='ltr'>continentur</span> <span class='ocrx_word' id='word_1_26' title='bbox 1075 684 1169 749; x_wconf 89' lang='lat' dir='ltr'>initio</span> <span class='ocrx_word' id='word_1_27' title='bbox 1194 689 1286 749; x_wconf 86' lang='lat' dir='ltr'>actus</span> 
     </span>
     <span class='ocr_line' id='line_1_5' title="bbox 139 791 1284 878; baseline -0.003 -19"><span class='ocrx_word' id='word_1_28' title='bbox 139 795 172 859; x_wconf 93' lang='grc' dir='ltr'>ΙΙ</span> <span class='ocrx_word' id='word_1_29' title='bbox 192 794 313 878; x_wconf 89' lang='lat' dir='ltr'>posita:</span> <span class='ocrx_word' id='word_1_30' title='bbox 332 815 468 877; x_wconf 89' lang='lat' dir='ltr'>quorum</span> <span class='ocrx_word' id='word_1_31' title='bbox 487 796 525 856; x_wconf 90' lang='lat' dir='ltr'>ut</span> <span class='ocrx_word' id='word_1_32' title='bbox 543 793 746 858; x_wconf 89' lang='lat' dir='ltr'>canticorum</span> <span class='ocrx_word' id='word_1_33' title='bbox 758 793 901 858; x_wconf 91' lang='lat' dir='ltr'>omnium</span> <span class='ocrx_word' id='word_1_34' title='bbox 920 795 954 857; x_wconf 92' lang='lat' dir='ltr'>et</span> <span class='ocrx_word' id='word_1_35' title='bbox 971 791 1163 858; x_wconf 87' lang='lat' dir='ltr'>difficillima</span> <span class='ocrx_word' id='word_1_36' title='bbox 1177 814 1284 857; x_wconf 91' lang='lat' dir='ltr'>emen-</span> 
     </span>
     <span class='ocr_line' id='line_1_6' title="bbox 139 897 1285 984; baseline -0.001 -19"><span class='ocrx_word' id='word_1_37' title='bbox 139 901 230 967; x_wconf 87' lang='lat' dir='ltr'>datio</span> <span class='ocrx_word' id='word_1_38' title='bbox 252 905 303 964; x_wconf 84' lang='lat' dir='ltr'>est</span> <span class='ocrx_word' id='word_1_39' title='bbox 326 902 360 963; x_wconf 92' lang='lat' dir='ltr'>et</span> <span class='ocrx_word' id='word_1_40' title='bbox 382 897 622 964; x_wconf 78' lang='lat' dir='ltr'>dubitationum</span> <span class='ocrx_word' id='word_1_41' title='bbox 650 899 850 984; x_wconf 88' lang='lat' dir='ltr'>plenissima.</span> <span class='ocrx_word' id='word_1_42' title='bbox 896 899 1056 979; x_wconf 80' lang='lat' dir='ltr'>Quoniam</span> <span class='ocrx_word' id='word_1_43' title='bbox 1080 903 1188 964; x_wconf 86' lang='lat' dir='ltr'>autem</span> <span class='ocrx_word' id='word_1_44' title='bbox 1212 923 1285 965; x_wconf 92' lang='lat' dir='ltr'>cum</span> 
     </span>
     <span class='ocr_line' id='line_1_7' title="bbox 141 1006 1285 1092; baseline -0.002 -19"><span class='ocrx_word' id='word_1_45' title='bbox 141 1007 323 1073; x_wconf 84' lang='lat' dir='ltr'>emendatio</span> <span class='ocrx_word' id='word_1_46' title='bbox 351 1006 455 1071; x_wconf 84' lang='lat' dir='ltr'>omnis</span> <span class='ocrx_word' id='word_1_47' title='bbox 483 1028 521 1070; x_wconf 90' lang='lat' dir='ltr'>ex</span> <span class='ocrx_word' id='word_1_48' title='bbox 549 1007 756 1091; x_wconf 89' lang='lat' dir='ltr'>antiquorum</span> <span class='ocrx_word' id='word_1_49' title='bbox 784 1008 845 1072; x_wconf 91' lang='lat' dir='ltr'>fide</span> <span class='ocrx_word' id='word_1_50' title='bbox 872 1008 1030 1072; x_wconf 89' lang='lat' dir='ltr'>librorum</span> <span class='ocrx_word' id='word_1_51' title='bbox 1055 1028 1129 1071; x_wconf 84' lang='lat' dir='ltr'>mes.</span> <span class='ocrx_word' id='word_1_52' title='bbox 1157 1008 1285 1092; x_wconf 82' lang='lat' dir='ltr'>pendet,</span> 
     </span>
     <span class='ocr_line' id='line_1_8' title="bbox 140 1113 1284 1198; baseline -0.002 -17"><span class='ocrx_word' id='word_1_53' title='bbox 140 1119 211 1181; x_wconf 89' lang='lat' dir='ltr'>tum</span> <span class='ocrx_word' id='word_1_54' title='bbox 231 1113 271 1177; x_wconf 90' lang='lat' dir='ltr'>ad</span> <span class='ocrx_word' id='word_1_55' title='bbox 294 1113 408 1177; x_wconf 91' lang='lat' dir='ltr'>horum</span> <span class='ocrx_word' id='word_1_56' title='bbox 434 1115 467 1177; x_wconf 90' lang='lat' dir='ltr'>et</span> <span class='ocrx_word' id='word_1_57' title='bbox 485 1114 650 1198; x_wconf 89' lang='lat' dir='ltr'>propriam</span> <span class='ocrx_word' id='word_1_58' title='bbox 673 1114 814 1179; x_wconf 90' lang='lat' dir='ltr'>indolem</span> <span class='ocrx_word' id='word_1_59' title='bbox 838 1113 1074 1179; x_wconf 86' lang='lat' dir='ltr'>aestimandam</span> <span class='ocrx_word' id='word_1_60' title='bbox 1099 1117 1132 1179; x_wconf 92' lang='lat' dir='ltr'>et</span> <span class='ocrx_word' id='word_1_61' title='bbox 1154 1120 1284 1180; x_wconf 88' lang='lat' dir='ltr'>mutuas</span> 
     </span>
     <span class='ocr_line' id='line_1_9' title="bbox 141 1218 1285 1304; baseline -0.003 -15"><span class='ocrx_word' id='word_1_62' title='bbox 141 1224 286 1289; x_wconf 88' lang='lat' dir='ltr'>rationes</span> <span class='ocrx_word' id='word_1_63' title='bbox 327 1218 567 1303; x_wconf 88' lang='lat' dir='ltr'>perspiciendas</span> <span class='ocrx_word' id='word_1_64' title='bbox 608 1221 681 1304; x_wconf 85' lang='lat' dir='ltr'>ipsa</span> <span class='ocrx_word' id='word_1_65' title='bbox 724 1221 850 1286; x_wconf 88' lang='lat' dir='ltr'>cantica</span> <span class='ocrx_word' id='word_1_66' title='bbox 891 1220 1049 1304; x_wconf 81' lang='lat' dir='ltr'>imprimis</span> <span class='ocrx_word' id='word_1_67' title='bbox 1082 1223 1161 1304; x_wconf 88' lang='lat' dir='ltr'>apta</span> <span class='ocrx_word' id='word_1_68' title='bbox 1197 1225 1285 1286; x_wconf 88' lang='lat' dir='ltr'>sunt:</span> 
     </span>
     <span class='ocr_line' id='line_1_10' title="bbox 140 1326 1286 1411; baseline -0.005 -14"><span class='ocrx_word' id='word_1_69' title='bbox 140 1350 310 1397; x_wconf 86' lang='lat' dir='ltr'>scenarum</span> <span class='ocrx_word' id='word_1_70' title='bbox 338 1326 480 1408; x_wconf 88' lang='lat' dir='ltr'>illarum,</span> <span class='ocrx_word' id='word_1_71' title='bbox 510 1327 622 1410; x_wconf 83' lang='lat' dir='ltr'>quales</span> <span class='ocrx_word' id='word_1_72' title='bbox 651 1327 683 1391; x_wconf 91' lang='lat' dir='ltr'>in</span> <span class='ocrx_word' id='word_1_73' title='bbox 712 1327 845 1411; x_wconf 87' lang='lat' dir='ltr'>optimis</span> <span class='ocrx_word' id='word_1_74' title='bbox 873 1326 1035 1392; x_wconf 91' lang='lat' dir='ltr'>codicibus</span> <span class='ocrx_word' id='word_1_75' title='bbox 1064 1326 1205 1410; x_wconf 79' lang='lat' dir='ltr'>scriptae</span> <span class='ocrx_word' id='word_1_76' title='bbox 1232 1350 1286 1411; x_wconf 89' lang='lat' dir='ltr'>ap·</span> 
     </span>
     <span class='ocr_line' id='line_1_11' title="bbox 141 1433 1285 1522; baseline -0.003 -19"><span class='ocrx_word' id='word_1_77' title='bbox 141 1439 272 1522; x_wconf 86' lang='lat' dir='ltr'>parent,</span> <span class='ocrx_word' id='word_1_78' title='bbox 305 1434 434 1517; x_wconf 87' lang='lat' dir='ltr'>integra</span> <span class='ocrx_word' id='word_1_79' title='bbox 468 1433 614 1517; x_wconf 86' lang='lat' dir='ltr'>exempla</span> <span class='ocrx_word' id='word_1_80' title='bbox 646 1438 774 1498; x_wconf 87' lang='lat' dir='ltr'>exstare</span> <span class='ocrx_word' id='word_1_81' title='bbox 805 1433 891 1498; x_wconf 84' lang='lat' dir='ltr'>volui</span> <span class='ocrx_word' id='word_1_82' title='bbox 929 1437 1052 1518; x_wconf 86' lang='lat' dir='ltr'>quanta</span> <span class='ocrx_word' id='word_1_83' title='bbox 1083 1435 1191 1518; x_wconf 90' lang='lat' dir='ltr'>potuit</span> <span class='ocrx_word' id='word_1_84' title='bbox 1223 1435 1285 1500; x_wconf 84' lang='lat' dir='ltr'>fide</span> 
     </span>
     <span class='ocr_line' id='line_1_12' title="bbox 140 1539 1286 1629; baseline -0.003 -19"><span class='ocrx_word' id='word_1_85' title='bbox 140 1544 392 1629; x_wconf 85' lang='lat' dir='ltr'>repraesentata.</span> <span class='ocrx_word' id='word_1_86' title='bbox 429 1539 515 1603; x_wconf 88' lang='lat' dir='ltr'>Nam</span> <span class='ocrx_word' id='word_1_87' title='bbox 530 1560 601 1603; x_wconf 90' lang='lat' dir='ltr'>eum</span> <span class='ocrx_word' id='word_1_88' title='bbox 617 1540 651 1603; x_wconf 92' lang='lat' dir='ltr'>iu</span> <span class='ocrx_word' id='word_1_89' title='bbox 665 1540 816 1605; x_wconf 86' lang='lat' dir='ltr'>liberiore</span> <span class='ocrx_word' id='word_1_90' title='bbox 836 1562 953 1627; x_wconf 84' lang='lat' dir='ltr'>genere</span> <span class='ocrx_word' id='word_1_91' title='bbox 973 1544 1149 1606; x_wconf 90' lang='lat' dir='ltr'>metrorum</span> <span class='ocrx_word' id='word_1_92' title='bbox 1174 1543 1286 1626; x_wconf 87' lang='lat' dir='ltr'>sciant,</span> 
     </span>
     <span class='ocr_line' id='line_1_13' title="bbox 139 1647 1286 1738; baseline -0.002 -22"><span class='ocrx_word' id='word_1_93' title='bbox 139 1653 194 1738; x_wconf 91' lang='lat' dir='ltr'>qui</span> <span class='ocrx_word' id='word_1_94' title='bbox 218 1651 335 1715; x_wconf 91' lang='lat' dir='ltr'>horum</span> <span class='ocrx_word' id='word_1_95' title='bbox 359 1669 451 1711; x_wconf 87' lang='lat' dir='ltr'>usum</span> <span class='ocrx_word' id='word_1_96' title='bbox 475 1647 612 1730; x_wconf 90' lang='lat' dir='ltr'>habent,</span> <span class='ocrx_word' id='word_1_97' title='bbox 639 1647 802 1712; x_wconf 88' lang='lat' dir='ltr'>cardinem</span> <span class='ocrx_word' id='word_1_98' title='bbox 830 1648 875 1712; x_wconf 91' lang='lat' dir='ltr'>rei</span> <span class='ocrx_word' id='word_1_99' title='bbox 900 1648 934 1712; x_wconf 92' lang='lat' dir='ltr'>in</span> <span class='ocrx_word' id='word_1_100' title='bbox 958 1671 996 1713; x_wconf 90' lang='lat' dir='ltr'>eo</span> <span class='ocrx_word' id='word_1_101' title='bbox 1020 1649 1103 1713; x_wconf 87' lang='lat' dir='ltr'>verti</span> <span class='ocrx_word' id='word_1_102' title='bbox 1127 1652 1176 1732; x_wconf 90' lang='lat' dir='ltr'>ut,</span> <span class='ocrx_word' id='word_1_103' title='bbox 1204 1671 1286 1733; x_wconf 89' lang='lat' dir='ltr'>quae</span> 
     </span>
     <span class='ocr_line' id='line_1_14' title="bbox 140 1754 1285 1841; baseline -0.003 -18"><span class='ocrx_word' id='word_1_104' title='bbox 140 1755 443 1841; x_wconf 63' lang='lat' dir='ltr'>distinguendolrm</span> <span class='ocrx_word' id='word_1_105' title='bbox 472 1755 558 1818; x_wconf 90' lang='lat' dir='ltr'>inter</span> <span class='ocrx_word' id='word_1_106' title='bbox 585 1776 619 1818; x_wconf 87' lang='lat' dir='ltr'>se</span> <span class='ocrx_word' id='word_1_107' title='bbox 648 1777 797 1819; x_wconf 84' lang='lat' dir='ltr'>versuum</span> <span class='ocrx_word' id='word_1_108' title='bbox 825 1755 909 1820; x_wconf 93' lang='lat' dir='ltr'>ratio</span> <span class='ocrx_word' id='word_1_109' title='bbox 938 1755 994 1839; x_wconf 84' lang='lat' dir='ltr'>sit,</span> <span class='ocrx_word' id='word_1_110' title='bbox 1028 1754 1154 1819; x_wconf 84' lang='lat' dir='ltr'>curiose</span> <span class='ocrx_word' id='word_1_111' title='bbox 1177 1756 1285 1821; x_wconf 90' lang='lat' dir='ltr'>obser·</span> 
     </span>
     <span class='ocr_line' id='line_1_15' title="bbox 140 1860 1286 1946; baseline -0.002 -17"><span class='ocrx_word' id='word_1_112' title='bbox 140 1868 245 1929; x_wconf 87' lang='lat' dir='ltr'>vetur:</span> <span class='ocrx_word' id='word_1_113' title='bbox 272 1862 366 1926; x_wconf 86' lang='lat' dir='ltr'>facile</span> <span class='ocrx_word' id='word_1_114' title='bbox 395 1860 596 1944; x_wconf 86' lang='lat' dir='ltr'>intellegitur</span> <span class='ocrx_word' id='word_1_115' title='bbox 623 1861 685 1927; x_wconf 90' lang='lat' dir='ltr'>hoe</span> <span class='ocrx_word' id='word_1_116' title='bbox 714 1862 783 1926; x_wconf 87' lang='lat' dir='ltr'>sola</span> <span class='ocrx_word' id='word_1_117' title='bbox 811 1862 1021 1927; x_wconf 87' lang='lat' dir='ltr'>annotatione</span> <span class='ocrx_word' id='word_1_118' title='bbox 1052 1884 1117 1927; x_wconf 94' lang='lat' dir='ltr'>non</span> <span class='ocrx_word' id='word_1_119' title='bbox 1140 1862 1286 1946; x_wconf 85' lang='lat' dir='ltr'>potuisse</span> 
     </span>
     <span class='ocr_line' id='line_1_16' title="bbox 141 1968 1258 2054; baseline -0.002 -19"><span class='ocrx_word' id='word_1_120' title='bbox 141 1971 208 2036; x_wconf 91' lang='lat' dir='ltr'>ullo</span> <span class='ocrx_word' id='word_1_121' title='bbox 232 1968 328 2033; x_wconf 91' lang='lat' dir='ltr'>modo</span> <span class='ocrx_word' id='word_1_122' title='bbox 352 1969 447 2053; x_wconf 89' lang='lat' dir='ltr'>quale</span> <span class='ocrx_word' id='word_1_123' title='bbox 471 1971 557 2033; x_wconf 87' lang='lat' dir='ltr'>esset</span> <span class='ocrx_word' id='word_1_124' title='bbox 579 1969 662 2033; x_wconf 89' lang='lat' dir='ltr'>satis</span> <span class='ocrx_word' id='word_1_125' title='bbox 686 1969 736 2032; x_wconf 85' lang='lat' dir='ltr'>vel</span> <span class='ocrx_word' id='word_1_126' title='bbox 761 1969 853 2051; x_wconf 91' lang='lat' dir='ltr'>plene</span> <span class='ocrx_word' id='word_1_127' title='bbox 876 1969 928 2032; x_wconf 85' lang='lat' dir='ltr'>vel</span> <span class='ocrx_word' id='word_1_128' title='bbox 952 1969 1047 2053; x_wconf 88' lang='lat' dir='ltr'>plane</span> <span class='ocrx_word' id='word_1_129' title='bbox 1071 1968 1258 2054; x_wconf 81' lang='lat' dir='ltr'>significari.</span> 
     </span>
    </p>
   </div>
   <div class='ocr_carea' id='block_1_3' title="bbox 699 2360 729 2426">
    <p class='ocr_par' dir='ltr' id='par_1_3' title="bbox 699 2360 729 2426">
     <span class='ocr_line' id='line_1_17' title="bbox 699 2360 729 2426; baseline 0.033 -1"><span class='ocrx_word' id='word_1_130' title='bbox 699 2360 729 2426; x_wconf 83' lang='lat'>5.</span> 
     </span>
    </p>
   </div>
   <div class='ocr_carea' id='block_1_4' title="bbox 142 2488 1286 2696">
    <p class='ocr_par' dir='ltr' id='par_1_4' title="bbox 142 2488 1286 2696">
     <span class='ocr_line' id='line_1_18' title="bbox 142 2488 1286 2589; baseline -0.002 -17"><span class='ocrx_word' id='word_1_131' title='bbox 142 2507 323 2573; x_wconf 85' lang='lat' dir='ltr'>Vorwort</span> <span class='ocrx_word' id='word_1_132' title='bbox 343 2488 387 2571; x_wconf 78' lang='lat' dir='ltr'>ari</span> <span class='ocrx_word' id='word_1_133' title='bbox 404 2505 485 2570; x_wconf 92' lang='lat' dir='ltr'>dem</span> <span class='ocrx_word' id='word_1_134' title='bbox 504 2505 727 2589; x_wconf 84' lang='lat' dir='ltr'>Progrumm</span> <span class='ocrx_word' id='word_1_135' title='bbox 748 2502 930 2570; x_wconf 80' lang='lat' dir='ltr'>‘Canticum</span> <span class='ocrx_word' id='word_1_136' title='bbox 945 2503 1099 2569; x_wconf 88' lang='lat' dir='ltr'>Pseuduli</span> <span class='ocrx_word' id='word_1_137' title='bbox 1114 2504 1286 2571; x_wconf 89' lang='lat' dir='ltr'>Plautinae</span> 
     </span>
     <span class='ocr_line' id='line_1_19' title="bbox 529 2608 895 2696; baseline 0.003 -21"><span class='ocrx_word' id='word_1_138' title='bbox 529 2610 745 2676; x_wconf 86' lang='lat' dir='ltr'>emendatum’</span> <span class='ocrx_word' id='word_1_139' title='bbox 769 2608 895 2696; x_wconf 80' lang='lat'>(1850).</span> 
     </span>
    </p>
   </div>
   <div class='ocr_carea' id='block_1_5' title="bbox 141 2752 1288 4224">
    <p class='ocr_par' dir='ltr' id='par_1_5' title="bbox 141 2752 1288 4224">
     <span class='ocr_line' id='line_1_20' title="bbox 232 2752 1286 2839; baseline 0.001 -20"><span class='ocrx_word' id='word_1_140' title='bbox 232 2754 463 2839; x_wconf 78' lang='lat' dir='ltr'>Exemplorum</span> <span class='ocrx_word' id='word_1_141' title='bbox 483 2776 555 2819; x_wconf 90' lang='lat' dir='ltr'>oum</span> <span class='ocrx_word' id='word_1_142' title='bbox 578 2752 696 2837; x_wconf 83' lang='lat' dir='ltr'>duplex</span> <span class='ocrx_word' id='word_1_143' title='bbox 719 2754 768 2818; x_wconf 82' lang='lat' dir='ltr'>vis</span> <span class='ocrx_word' id='word_1_144' title='bbox 792 2754 849 2837; x_wconf 91' lang='lat' dir='ltr'>sit,</span> <span class='ocrx_word' id='word_1_145' title='bbox 874 2760 931 2820; x_wconf 87' lang='lat' dir='ltr'>aut</span> <span class='ocrx_word' id='word_1_146' title='bbox 954 2758 990 2819; x_wconf 91' lang='lat' dir='ltr'>ut</span> <span class='ocrx_word' id='word_1_147' title='bbox 1012 2754 1223 2821; x_wconf 89' lang='lat' dir='ltr'>adhortentur</span> <span class='ocrx_word' id='word_1_148' title='bbox 1246 2756 1286 2820; x_wconf 89' lang='lat' dir='ltr'>ad</span> 
     </span>
     <span class='ocr_line' id='line_1_21' title="bbox 142 2860 1287 2947; baseline 0.001 -20"><span class='ocrx_word' id='word_1_149' title='bbox 142 2862 336 2927; x_wconf 89' lang='lat' dir='ltr'>imitandum</span> <span class='ocrx_word' id='word_1_150' title='bbox 359 2865 416 2926; x_wconf 89' lang='lat' dir='ltr'>aut</span> <span class='ocrx_word' id='word_1_151' title='bbox 438 2867 475 2926; x_wconf 92' lang='lat' dir='ltr'>ut</span> <span class='ocrx_word' id='word_1_152' title='bbox 497 2860 725 2944; x_wconf 87' lang='lat' dir='ltr'>dehortentur,</span> <span class='ocrx_word' id='word_1_153' title='bbox 748 2882 813 2926; x_wconf 89' lang='lat' dir='ltr'>non</span> <span class='ocrx_word' id='word_1_154' title='bbox 834 2861 978 2946; x_wconf 88' lang='lat' dir='ltr'>profecto</span> <span class='ocrx_word' id='word_1_155' title='bbox 999 2885 1015 2926; x_wconf 91' lang='lat' dir='ltr'>e</span> <span class='ocrx_word' id='word_1_156' title='bbox 1039 2862 1147 2946; x_wconf 91' lang='lat' dir='ltr'>priore</span> <span class='ocrx_word' id='word_1_157' title='bbox 1171 2883 1287 2947; x_wconf 82' lang='lat' dir='ltr'>genere</span> 
     </span>
     <span class='ocr_line' id='line_1_22' title="bbox 141 2968 1287 3056; baseline 0.002 -21"><span class='ocrx_word' id='word_1_158' title='bbox 141 2969 281 3056; x_wconf 87' lang='lat' dir='ltr'>petitum</span> <span class='ocrx_word' id='word_1_159' title='bbox 313 2972 364 3034; x_wconf 87' lang='lat' dir='ltr'>est</span> <span class='ocrx_word' id='word_1_160' title='bbox 396 2969 480 3053; x_wconf 91' lang='lat' dir='ltr'>quod</span> <span class='ocrx_word' id='word_1_161' title='bbox 513 2968 598 3032; x_wconf 88' lang='lat' dir='ltr'>infra</span> <span class='ocrx_word' id='word_1_162' title='bbox 629 2969 871 3053; x_wconf 81' lang='lat' dir='ltr'>proposuimus,</span> <span class='ocrx_word' id='word_1_163' title='bbox 906 2969 960 3033; x_wconf 87' lang='lat' dir='ltr'>sed</span> <span class='ocrx_word' id='word_1_164' title='bbox 989 2969 1073 3033; x_wconf 90' lang='lat' dir='ltr'>idem</span> <span class='ocrx_word' id='word_1_165' title='bbox 1101 2974 1211 3035; x_wconf 88' lang='lat' dir='ltr'>temen</span> <span class='ocrx_word' id='word_1_166' title='bbox 1239 2971 1287 3037; x_wconf 85' lang='lat' dir='ltr'>ito</span> 
     </span>
     <span class='ocr_line' id='line_1_23' title="bbox 141 3056 1287 3160; baseline 0.001 -19"><span class='ocrx_word' id='word_1_167' title='bbox 141 3056 380 3160; x_wconf 62' lang='lat' dir='ltr'>comparatum,</span> <span class='ocrx_word' id='word_1_168' title='bbox 408 3078 444 3138; x_wconf 93' lang='lat' dir='ltr'>ut</span> <span class='ocrx_word' id='word_1_169' title='bbox 471 3075 504 3139; x_wconf 90' lang='lat' dir='ltr'>iu</span> <span class='ocrx_word' id='word_1_170' title='bbox 532 3074 604 3158; x_wconf 87' lang='lat' dir='ltr'>ipsa</span> <span class='ocrx_word' id='word_1_171' title='bbox 638 3097 766 3139; x_wconf 90' lang='lat' dir='ltr'>morum</span> <span class='ocrx_word' id='word_1_172' title='bbox 799 3075 943 3160; x_wconf 87' lang='lat' dir='ltr'>nequitia</span> <span class='ocrx_word' id='word_1_173' title='bbox 971 3076 1139 3140; x_wconf 86' lang='lat' dir='ltr'>mirificam</span> <span class='ocrx_word' id='word_1_174' title='bbox 1167 3076 1287 3143; x_wconf 87' lang='lat' dir='ltr'>habeat</span> 
     </span>
     <span class='ocr_line' id='line_1_24' title="bbox 143 3181 1288 3267; baseline -0.002 -18"><span class='ocrx_word' id='word_1_175' title='bbox 143 3184 186 3249; x_wconf 88' lang='lat' dir='ltr'>ab</span> <span class='ocrx_word' id='word_1_176' title='bbox 202 3186 271 3247; x_wconf 85' lang='lat' dir='ltr'>arte</span> <span class='ocrx_word' id='word_1_177' title='bbox 286 3182 415 3267; x_wconf 90' lang='lat' dir='ltr'>poetica</span> <span class='ocrx_word' id='word_1_178' title='bbox 433 3182 755 3247; x_wconf 89' lang='lat' dir='ltr'>commendationem.</span> <span class='ocrx_word' id='word_1_179' title='bbox 797 3181 918 3248; x_wconf 85' lang='lat' dir='ltr'>Verum</span> <span class='ocrx_word' id='word_1_180' title='bbox 933 3182 1013 3249; x_wconf 89' lang='lat' dir='ltr'>haee</span> <span class='ocrx_word' id='word_1_181' title='bbox 1037 3206 1089 3248; x_wconf 89' lang='lat' dir='ltr'>ars</span> <span class='ocrx_word' id='word_1_182' title='bbox 1112 3186 1227 3267; x_wconf 91' lang='lat' dir='ltr'>poetae</span> <span class='ocrx_word' id='word_1_183' title='bbox 1250 3187 1288 3248; x_wconf 89' lang='lat' dir='ltr'>ut</span> 
     </span>
     <span class='ocr_line' id='line_1_25' title="bbox 141 3289 1288 3376; baseline -0.002 -21"><span class='ocrx_word' id='word_1_184' title='bbox 141 3312 225 3376; x_wconf 86' lang='lat' dir='ltr'>quae</span> <span class='ocrx_word' id='word_1_185' title='bbox 249 3289 420 3374; x_wconf 85' lang='lat' dir='ltr'>qualisque</span> <span class='ocrx_word' id='word_1_186' title='bbox 444 3289 500 3372; x_wconf 86' lang='lat' dir='ltr'>sit,</span> <span class='ocrx_word' id='word_1_187' title='bbox 529 3293 562 3353; x_wconf 91' lang='lat' dir='ltr'>et</span> <span class='ocrx_word' id='word_1_188' title='bbox 584 3290 711 3373; x_wconf 88' lang='lat' dir='ltr'>plenius</span> <span class='ocrx_word' id='word_1_189' title='bbox 734 3293 767 3354; x_wconf 88' lang='lat' dir='ltr'>et</span> <span class='ocrx_word' id='word_1_190' title='bbox 788 3289 909 3353; x_wconf 87' lang='lat' dir='ltr'>rectius</span> <span class='ocrx_word' id='word_1_191' title='bbox 933 3312 1030 3373; x_wconf 90' lang='lat' dir='ltr'>quam</span> <span class='ocrx_word' id='word_1_192' title='bbox 1054 3290 1158 3354; x_wconf 88' lang='lat' dir='ltr'>adbuc</span> <span class='ocrx_word' id='word_1_193' title='bbox 1181 3291 1288 3373; x_wconf 89' lang='lat' dir='ltr'>potuit</span> 
     </span>
     <span class='ocr_line' id='line_1_26' title="bbox 141 3395 1287 3483; baseline -0.002 -21"><span class='ocrx_word' id='word_1_194' title='bbox 141 3400 366 3483; x_wconf 88' lang='lat' dir='ltr'>pernoscatur,</span> <span class='ocrx_word' id='word_1_195' title='bbox 394 3419 475 3481; x_wconf 92' lang='lat' dir='ltr'>opus</span> <span class='ocrx_word' id='word_1_196' title='bbox 503 3419 574 3461; x_wconf 87' lang='lat' dir='ltr'>esse</span> <span class='ocrx_word' id='word_1_197' title='bbox 597 3396 756 3481; x_wconf 84' lang='lat' dir='ltr'>philologi</span> <span class='ocrx_word' id='word_1_198' title='bbox 784 3400 852 3461; x_wconf 89' lang='lat' dir='ltr'>arte</span> <span class='ocrx_word' id='word_1_199' title='bbox 876 3397 1086 3481; x_wconf 87' lang='lat' dir='ltr'>intellegetis,</span> <span class='ocrx_word' id='word_1_200' title='bbox 1115 3396 1169 3459; x_wconf 92' lang='lat' dir='ltr'>ubi</span> <span class='ocrx_word' id='word_1_201' title='bbox 1192 3395 1287 3460; x_wconf 89' lang='lat' dir='ltr'>Plau·</span> 
     </span>
     <span class='ocr_line' id='line_1_27' title="bbox 141 3503 1288 3589; baseline -0.003 -20"><span class='ocrx_word' id='word_1_202' title='bbox 141 3505 231 3569; x_wconf 91' lang='lat' dir='ltr'>tinae</span> <span class='ocrx_word' id='word_1_203' title='bbox 255 3526 351 3588; x_wconf 91' lang='lat' dir='ltr'>quam</span> <span class='ocrx_word' id='word_1_204' title='bbox 379 3504 472 3569; x_wconf 84' lang='lat' dir='ltr'>vobis</span> <span class='ocrx_word' id='word_1_205' title='bbox 495 3503 684 3568; x_wconf 85' lang='lat' dir='ltr'>exhibemus</span> <span class='ocrx_word' id='word_1_206' title='bbox 711 3524 825 3568; x_wconf 84' lang='lat' dir='ltr'>scenae</span> <span class='ocrx_word' id='word_1_207' title='bbox 848 3524 919 3566; x_wconf 89' lang='lat' dir='ltr'>eam</span> <span class='ocrx_word' id='word_1_208' title='bbox 943 3504 1097 3589; x_wconf 89' lang='lat' dir='ltr'>speciem,</span> <span class='ocrx_word' id='word_1_209' title='bbox 1126 3524 1207 3586; x_wconf 89' lang='lat' dir='ltr'>quae</span> <span class='ocrx_word' id='word_1_210' title='bbox 1231 3523 1288 3585; x_wconf 94' lang='lat' dir='ltr'>per</span> 
     </span>
     <span class='ocr_line' id='line_1_28' title="bbox 141 3609 1287 3694; baseline -0.003 -18"><span class='ocrx_word' id='word_1_211' title='bbox 141 3612 347 3676; x_wconf 85' lang='lat' dir='ltr'>saeculorum</span> <span class='ocrx_word' id='word_1_212' title='bbox 374 3609 551 3674; x_wconf 87' lang='lat' dir='ltr'>intervalla</span> <span class='ocrx_word' id='word_1_213' title='bbox 579 3609 619 3674; x_wconf 89' lang='lat' dir='ltr'>ad</span> <span class='ocrx_word' id='word_1_214' title='bbox 646 3612 790 3673; x_wconf 89' lang='lat' dir='ltr'>nostram</span> <span class='ocrx_word' id='word_1_215' title='bbox 815 3611 955 3675; x_wconf 86' lang='lat' dir='ltr'>aetatem</span> <span class='ocrx_word' id='word_1_216' title='bbox 979 3609 1111 3694; x_wconf 89' lang='lat' dir='ltr'>prodita</span> <span class='ocrx_word' id='word_1_217' title='bbox 1134 3620 1192 3692; x_wconf 86' lang='lat' dir='ltr'>eat,</span> <span class='ocrx_word' id='word_1_218' title='bbox 1214 3632 1287 3674; x_wconf 91' lang='lat' dir='ltr'>cum</span> 
     </span>
     <span class='ocr_line' id='line_1_29' title="bbox 142 3714 1286 3802; baseline -0.001 -20"><span class='ocrx_word' id='word_1_219' title='bbox 142 3740 229 3783; x_wconf 86' lang='lat' dir='ltr'>nova</span> <span class='ocrx_word' id='word_1_220' title='bbox 255 3718 360 3781; x_wconf 85' lang='lat' dir='ltr'>forma</span> <span class='ocrx_word' id='word_1_221' title='bbox 387 3715 654 3802; x_wconf 85' lang='lat' dir='ltr'>comparaveritis</span> <span class='ocrx_word' id='word_1_222' title='bbox 682 3737 778 3799; x_wconf 88' lang='lat' dir='ltr'>quam</span> <span class='ocrx_word' id='word_1_223' title='bbox 802 3714 860 3779; x_wconf 90' lang='lat' dir='ltr'>illa</span> <span class='ocrx_word' id='word_1_224' title='bbox 883 3716 970 3780; x_wconf 86' lang='lat' dir='ltr'>iusta</span> <span class='ocrx_word' id='word_1_225' title='bbox 992 3716 1216 3782; x_wconf 86' lang='lat' dir='ltr'>emendatione</span> <span class='ocrx_word' id='word_1_226' title='bbox 1239 3717 1286 3781; x_wconf 92' lang='lat' dir='ltr'>in-</span> 
     </span>
     <span class='ocr_line' id='line_1_30' title="bbox 143 3820 1287 3907; baseline 0 -20"><span class='ocrx_word' id='word_1_227' title='bbox 143 3823 223 3888; x_wconf 92' lang='lat' dir='ltr'>duit.</span> <span class='ocrx_word' id='word_1_228' title='bbox 269 3823 429 3889; x_wconf 84' lang='lat' dir='ltr'>Versatur</span> <span class='ocrx_word' id='word_1_229' title='bbox 458 3825 565 3886; x_wconf 88' lang='lat' dir='ltr'>autem</span> <span class='ocrx_word' id='word_1_230' title='bbox 594 3843 632 3886; x_wconf 85' lang='lat' dir='ltr'>ea</span> <span class='ocrx_word' id='word_1_231' title='bbox 661 3821 694 3885; x_wconf 94' lang='lat' dir='ltr'>in</span> <span class='ocrx_word' id='word_1_232' title='bbox 721 3820 899 3886; x_wconf 77' lang='lat' dir='ltr'>Pssvnvnr</span> <span class='ocrx_word' id='word_1_233' title='bbox 929 3823 1013 3887; x_wconf 84' lang='lat' dir='ltr'>servi</span> <span class='ocrx_word' id='word_1_234' title='bbox 1042 3845 1202 3905; x_wconf 89' lang='lat' dir='ltr'>sermone,</span> <span class='ocrx_word' id='word_1_235' title='bbox 1232 3823 1287 3907; x_wconf 89' lang='lat' dir='ltr'>qui</span> 
     </span>
     <span class='ocr_line' id='line_1_31' title="bbox 142 3928 1287 4012; baseline -0.002 -17"><span class='ocrx_word' id='word_1_236' title='bbox 142 3930 273 3996; x_wconf 86' lang='lat' dir='ltr'>fabulae</span> <span class='ocrx_word' id='word_1_237' title='bbox 302 3951 398 3994; x_wconf 88' lang='lat' dir='ltr'>scena</span> <span class='ocrx_word' id='word_1_238' title='bbox 421 3928 621 4012; x_wconf 87' lang='lat' dir='ltr'>paenultima</span> <span class='ocrx_word' id='word_1_239' title='bbox 643 3928 840 3991; x_wconf 91' lang='lat' dir='ltr'>continetur:</span> <span class='ocrx_word' id='word_1_240' title='bbox 868 3928 919 3992; x_wconf 88' lang='lat' dir='ltr'>eui</span> <span class='ocrx_word' id='word_1_241' title='bbox 946 3932 980 3992; x_wconf 89' lang='lat' dir='ltr'>et</span> <span class='ocrx_word' id='word_1_242' title='bbox 1006 3928 1178 3994; x_wconf 82' lang='lat' dir='ltr'>verborum</span> <span class='ocrx_word' id='word_1_243' title='bbox 1206 3928 1287 3993; x_wconf 79' lang='lat' dir='ltr'>inte</span> 
     </span>
     <span class='ocr_line' id='line_1_32' title="bbox 143 4034 1288 4122; baseline -0.001 -20"><span class='ocrx_word' id='word_1_244' title='bbox 143 4036 248 4122; x_wconf 84' lang='lat' dir='ltr'>grites</span> <span class='ocrx_word' id='word_1_245' title='bbox 276 4041 309 4101; x_wconf 88' lang='lat' dir='ltr'>et</span> <span class='ocrx_word' id='word_1_246' title='bbox 337 4037 461 4101; x_wconf 88' lang='lat' dir='ltr'>sanitas</span> <span class='ocrx_word' id='word_1_247' title='bbox 489 4034 723 4099; x_wconf 85' lang='lat' dir='ltr'>sententiarum</span> <span class='ocrx_word' id='word_1_248' title='bbox 751 4039 784 4099; x_wconf 90' lang='lat' dir='ltr'>et</span> <span class='ocrx_word' id='word_1_249' title='bbox 817 4056 1024 4100; x_wconf 89' lang='lat' dir='ltr'>numerorum</span> <span class='ocrx_word' id='word_1_250' title='bbox 1051 4035 1214 4118; x_wconf 84' lang='lat' dir='ltr'>elegantia</span> <span class='ocrx_word' id='word_1_251' title='bbox 1242 4037 1288 4101; x_wconf 84' lang='lat' dir='ltr'>eie</span> 
     </span>
     <span class='ocr_line' id='line_1_33' title="bbox 144 4139 960 4224; baseline -0.001 -17"><span class='ocrx_word' id='word_1_252' title='bbox 144 4142 209 4208; x_wconf 87' lang='lat' dir='ltr'>nisi</span> <span class='ocrx_word' id='word_1_253' title='bbox 232 4143 377 4207; x_wconf 86' lang='lat' dir='ltr'>fallimur</span> <span class='ocrx_word' id='word_1_254' title='bbox 399 4164 464 4206; x_wconf 94' lang='lat' dir='ltr'>non</span> <span class='ocrx_word' id='word_1_255' title='bbox 487 4139 960 4224; x_wconf 83' lang='lat' dir='ltr'>improbabiliterrestituitur.</span> 
     </span>
    </p>
   </div>
   <div class='ocr_carea' id='block_1_6' title="bbox 696 4394 821 4401">
    <p class='ocr_par' dir='ltr' id='par_1_6' title="bbox 696 4394 821 4401">
     <span class='ocr_line' id='line_1_34' title="bbox 696 4394 821 4401; baseline -0.008 -1"><span class='ocrx_word' id='word_1_256' title='bbox 696 4394 772 4401; x_wconf 75' lang='lat'>--..</span> <span class='ocrx_word' id='word_1_257' title='bbox 790 4394 821 4400; x_wconf 88' lang='lat'>..-</span> 
     </span>
    </p>
   </div>
   <div class='ocr_carea' id='block_1_7' title="bbox 0 0 1451 5032">
    <p class='ocr_par' dir='ltr' id='par_1_7' title="bbox 0 0 1451 5032">
     <span class='ocr_line' id='line_1_35' title="bbox 0 0 1451 5032; baseline 0 0"><span class='ocrx_word' id='word_1_258' title='bbox 0 0 1451 5032; x_wconf 95' lang='lat' dir='ltr'> </span> 
     </span>
    </p>
   </div>
  </div>
 </body>
</html>
