2836 5034
154 323 220 388 364
443 333 703 385 raonnoouaur
726 336 773 382 nn
798 333 1009 384 arrroumvs

155 483 218 549 697
242 483 271 547 is
292 481 387 546 lrooos
409 485 461 559 est,
485 484 518 544 ct
540 482 668 563 praeter
691 482 798 544 cetera
819 479 897 561 quid
917 480 976 545 cist
996 500 1107 545 nomen
1126 503 1153 546 v.
1173 480 1262 567 totu:

155 590 240 675 quod
267 597 305 652 ut
332 609 397 652 uno
431 590 541 652 tamen
568 608 663 652 versu
690 586 755 650 249
784 608 899 670 reapse
926 585 1135 674 facerem**)‚
1162 590 1260 673 propris

154 698 366 762 dimetrorum
385 693 586 760 concinnitas
607 696 639 757 ct
657 714 866 758 numerorum
885 693 1004 760 lenitas
1024 695 1176 781 exigebat
1197 693 1259 761 Cete-

154 827 226 870 rum
245 803 329 888 quod
354 803 387 866 in
404 803 498 883 potia,
515 807 595 885 pote,
618 800 703 865 idem
722 800 756 864 in
775 802 888 882 potine,
904 802 998 884 potin
1017 802 1112 886 cadit,
1134 807 1180 868 sat
1193 825 1258 888 saepe

153 933 212 995 pro
235 911 307 995 ipso
325 907 425 992 potin'
448 913 493 972 est
514 907 630 991 posita.
657 944 694 953 -
721 907 798 973 Dixi
822 907 860 973 de
883 909 991 992 prima
1013 911 1048 974 ct
1070 908 1197 975 secunda
1213 932 1258 995 pu·

154 1040 235 1082 sona
249 1015 421 1102 singularis
435 1013 571 1079 numeri.
593 1012 632 1077 In
646 1013 780 1099 reliquis
799 1014 862 1080 atsi
881 1014 1078 1100 aliquotiens
1092 1015 1183 1080 verbo
1198 1015 1259 1081 finito

154 1127 242 1189 caret
269 1122 446 1208 praedicati
475 1144 547 1186 cum
575 1121 719 1186 subiecto
748 1121 925 1206 copulatio,
953 1126 1063 1187 tamen
1091 1144 1132 1187 ns
1156 1121 1260 1206 hirqui·

154 1232 227 1296 dem
251 1231 284 1295 id
308 1252 403 1315 saepe
426 1229 549 1294 factum
573 1250 631 1293 nec
656 1229 694 1294 dc
717 1251 808 1295 mors
831 1230 940 1315 potius
964 1251 1062 1315 quam
1085 1233 1204 1313 praeter
1221 1250 1262 1294 no

153 1362 231 1404 rem.
277 1337 553 1403 Acommotione
581 1337 680 1402 animi
709 1338 950 1403 excusationem
979 1337 1081 1403 habet
1109 1338 1143 1401 in
1172 1335 1265 1403 cautim

154 1445 296 1531 positum
319 1466 370 1528 epo
394 1448 533 1526 expertus
551 1466 579 1508 v.
599 1444 673 1528 826,
697 1443 782 1530 quod
805 1446 915 1508 tamen
935 1428 1076 1527 sinc'apo
1094 1464 1135 1508 nc
1152 1442 1267 1528 intellegi

154 1553 282 1638 quidem
297 1554 463 1637 potuerat:
483 1550 604 1616 omisso
618 1570 744 1616 sunaus
759 1573 832 1615 cum
847 1550 986 1636 quadam
1002 1550 1166 1637 gravitate
1178 1551 1269 1616 dictm

153 1683 181 1725 v.
200 1661 266 1725 492
288 1680 345 1724 nos
367 1658 545 1723 homunculi
564 1658 705 1723 satillum
723 1660 850 1724 animae
868 1657 910 1744 (si
934 1659 1125 1743 incorrupta
1144 1659 1269 1743 scriptun

126 1809 128 1813 «
154 1768 208 1852 [cl.
223 1790 252 1852 p.
268 1764 377 1849 336]):
399 1764 510 1831 addito
531 1771 619 1831 suat
643 1765 821 1850 supplenda
840 1765 1086 1850 participiorum
1105 1764 1269 1832 constructi

153 1875 211 1939 alii
238 1875 368 1938 emortui
390 1896 419 1938 v.
443 1873 509 1938 535
532 1877 566 1938 et
592 1876 757 1957 trapezitae
784 1873 869 1939 mille
897 1872 1142 1938 drochumaram
1170 1874 1269 1938 reddito

154 1982 229 2064 426,
257 2002 338 2066 quaa
362 1982 579 2046 enumerantis
604 1985 692 2066 suut,
719 1985 888 2066 practerea
916 1981 952 2046 in
973 1981 1113 2046 relativo
1138 1980 1269 2046 enuntiat

154 2089 209 2171 qai
230 2089 278 2152 aa
299 2089 403 2153 martti
421 2110 450 2152 v.
472 2088 566 2153 1049.
599 2087 807 2174 Aliquotiens
826 2088 946 2174 legitur
965 2111 1034 2153 non
1057 2088 1212 2172 apposito
1232 2108 1269 2153 su

154 2196 253 2261 verbo
275 2195 411 2276 sartura
434 2195 656 2281 participium,
685 2200 721 2261 ut
745 2195 908 2281 Amphitr.
931 2195 972 2280 V,
995 2197 1025 2274 2,
1049 2195 1070 2260 3
1094 2217 1177 2278 quac
1196 2197 1269 2276 satu

154 2309 183 2369 et
211 2303 407 2387 quaefacta,
431 2303 565 2385 eloquar,
589 2302 708 2369 Bacch.
731 2302 791 2386 111,
810 2305 842 2387 4,
866 2303 907 2368 12
930 2324 1008 2386 quae
1028 2303 1153 2383 futura,
1173 2302 1269 2384 fabulo

61 2432 139 2473 orm
153 2412 205 2477 val
225 2411 387 2477 adsociat
409 2410 616 2475 coniunctivo
640 2410 761 2475 omisso
781 2409 890 2475 Aulul.
908 2409 968 2494 111,
986 2411 1016 2493 2,
1040 2411 1079 2477 18
1105 2431 1199 2476 mean
1216 2402 1269 2476 soll

151 2520 273 2600 fretum:
305 2540 481 2602 numquam
511 2522 620 2582 autem
644 2523 712 2582 tam
736 2516 880 2583 insolens
903 2517 1171 2583 collocandorum
1195 2515 1269 2582 rcrlr

153 2650 225 2692 rum
254 2627 428 2692 artificium
457 2625 576 2690 offendi
604 2648 701 2710 quam
729 2625 911 2690 Trinummi
939 2647 968 2690 v.
992 2625 1071 2690 209:
1108 2648 1188 2708 quae
1213 2644 1269 2708 aq!

150 2735 261 2814 fictura
280 2755 373 2815 aequo
390 2738 472 2816 scrut,
491 2737 592 2796 tauron
611 2733 660 2796 llll
677 2733 788 2797 sciunt.
821 2732 1008 2797 Tolerarsm
1027 2733 1184 2818 loquendi
1202 2752 1269 2818 gaus

154 2841 232 2905 tale:
255 2862 350 2922 aequo
373 2861 450 2921 quac
471 2839 588 2919 salaro,
612 2861 707 2922 nequo
729 2861 806 2921 quac
828 2846 912 2905 secat:
937 2839 993 2904 scd
1017 2862 1056 2904 ex
1080 2863 1148 2905 uno
1168 2837 1269 2905 relatu¹

154 2970 310 3030 suspensa
342 2970 436 3030 acqua
464 2949 576 3029 fatrem
608 2969 703 3030 aeqrrc
733 2954 807 3012 sont
840 2952 1031 3032 aspernatur
1059 2946 1205 3014 Plautini
1232 2966 1269 3011 sur

154 3054 260 3117 monis
285 3056 485 3139 simplicitas
524 3055 593 3132 Quo
618 3056 741 3120 accedit
764 3055 956 3139 simplicitas
979 3054 1160 3140 cogitandi,
1183 3050 1269 3140 quad

153 3162 334 3245 praesentis
359 3167 432 3227 ants
456 3165 602 3228 futurum
626 3168 754 3246 tempus
777 3163 898 3227 mentio
923 3163 981 3226 fiat
1004 3162 1171 3227 suadetur.
1213 3161 1269 3237 Qu!¹

154 3291 226 3333 cum
250 3269 296 3333 ita
320 3275 441 3353 esseut,
470 3274 502 3334 et
524 3271 742 3335 Ambrosiano
771 3269 959 3352 testimonio
983 3274 1017 3334 et
1041 3269 1229 3335 Bentleiano
1244 3268 1269 3331 ir

155 3377 237 3441 dicio
266 3376 379 3441 relicto
408 3379 454 3442 sic
481 3377 573 3441 illum
602 3400 730 3442 versum
755 3377 856 3443 eiecto
885 3382 986 3442 taurea
1010 3376 1093 3462 (non
1117 3368 1269 3459 cisctorll]

155 3484 195 3547 ad
219 3506 422 3549 communem
447 3487 710 3551 consuetudinem
734 3485 950 3550 revocandum
974 3484 1177 3550 existimavi:

244 3643 332 3719 Quae
356 3646 457 3729 noque
482 3651 557 3710 sunt
580 3670 682 3730 neque
706 3647 816 3711 futura
839 3649 924 3727 sunt,
947 3642 1000 3709 illi
1022 3645 1217 3732 sciunt.***)

156 3802 305 3868 Ceterum
334 3828 374 3869 nc
403 3807 436 3869 in
466 3806 618 3870 infinitivi
648 3807 776 3892 quidem
805 3805 1081 3871 constructionem
1110 3829 1150 3872 ea
1180 3807 1217 3872 de
1243 3826 1269 3891 qr

245 4015 270 4081 *)
294 4014 352 4085 [Sic
376 4016 469 4071 Triu.²
492 4035 542 4087 pro
565 4019 632 4088 quid
658 4023 694 4072 cst
713 4020 737 4071 ci
756 4034 852 4072 aoruca
873 4016 1037 4087 ‘asperitato
1058 4019 1208 4089 singulari,
1227 4033 1269 4088 qur

156 4118 211 4155 non
230 4102 313 4157 dabui
331 4106 439 4176 tueri’]

228 4192 269 4258 **)
289 4194 388 4262 [Quem
403 4198 501 4263 postea
515 4199 545 4251 ct
558 4197 640 4251 aliter
655 4195 803 4250 coustituit
816 4194 987 4250 Ritsohslius
1006 4197 1036 4251 et
1056 4213 1123 4251 cunr
1140 4197 1269 4254 Buechelc

156 4279 303 4349 interpreti
321 4281 439 4350 tribuit]

211 4367 264 4436 ***)
285 4370 327 4437 [ln
352 4370 394 4423 ed.
414 4371 462 4424 alt.
483 4372 652 4426 Ritschclius
676 4375 765 4427 totum
790 4375 863 4427 hunc
882 4389 993 4427 vorsum
1019 4376 1178 4434 confictum
1202 4396 1257 4434 csse

158 4458 314 4526 exemplum
334 4475 429 4513 vorsus
449 4466 500 4513 206
519 4460 674 4530 iudicavit]
