2836 5034
405 327 671 376 mnuoarrosra
695 327 903 374 susurrum.
1160 308 1224 373 529

134 480 219 534 lvsvs
241 485 453 535 Pflmauouls
477 492 495 534 e
519 471 656 555 prologo
681 470 811 534 fabulae
833 469 977 533 discitur.
1010 467 1115 532 Vnius
1139 467 1224 531 enim

134 576 196 640 aeci
218 576 354 659 exempli
376 598 494 641 nomen
517 577 651 641 inscribi
676 576 808 640 solitum
831 582 894 657 cst,
921 576 1047 639 etiamsi
1072 575 1135 639 duo
1159 574 1225 637 lue·

135 685 166 744 nt
185 704 265 767 quae
287 682 408 748 latinus
431 690 528 768 poeta
552 685 585 749 iu
609 683 773 748 condenda
797 682 908 746 fabula
927 687 1055 746 secutus
1074 684 1168 746 esset.
1195 679 1223 743 n
1310 735 1316 745 .

135 788 208 853 obus
230 792 337 853 autem
362 790 461 854 etiam
484 789 713 854 Trinummum
737 813 757 853 a
782 789 895 854 Plauto
919 788 1224 853 contaminatam

134 915 157 959 rs
176 895 211 959 in
234 895 365 980 egregia
389 897 663 962 commentatione
687 897 758 979 illa,
788 918 885 980 quam
909 896 948 960 de
972 895 1113 961 Volcatii
1137 892 1224 958 Sedi-

134 1002 144 1065 i
164 1024 287 1067 canone
315 1004 458 1088 scripsit,
485 1003 689 1089 Ladewigius
714 1004 865 1086 coniecit,
893 1008 1017 1088 partem
1041 1000 1225 1087 argumenti

134 1106 292 1173 lienandri
315 1112 573 1194 Παρακαταθήκῃ
597 1115 746 1195 repetens
771 1132 800 1193 p.
820 1111 863 1173 34
874 1133 921 1194 sq.
958 1108 1056 1173 Cuius
1080 1107 1224 1172 subtilis·

134 1237 180 1280 iae
214 1215 429 1299 disputationi
461 1240 526 1282 non
559 1218 663 1282 habeo
697 1217 783 1303 quod
816 1216 945 1281 addam:
982 1238 1056 1281 nam
1085 1237 1158 1279 cum
1186 1214 1224 1279 de

134 1344 193 1388 usa
223 1324 376 1388 universa
404 1327 474 1387 tum
503 1324 542 1387 de
570 1325 708 1409 singulis
736 1324 936 1388 documentis
965 1322 1123 1386 lubricum
1154 1342 1224 1386 esse

134 1429 231 1497 icium
256 1431 325 1514 ipse
348 1452 413 1495 non
437 1430 663 1495 dissimulavit.

163 1609 284 1673 Restat
311 1613 348 1672 ut
375 1609 461 1672 curis
490 1609 638 1672 secundis
668 1631 741 1673 cum
770 1609 803 1673 in
828 1613 942 1693 poetae
966 1609 1073 1673 verbis
1095 1612 1167 1672 tum
1190 1607 1223 1671 in

149 1715 398 1801 prolegomenis
423 1717 579 1800 quaedam
603 1718 654 1781 vel
679 1718 838 1802 corrigam
863 1718 914 1781 vel
939 1719 1135 1782 confirmem.
1180 1714 1225 1778 nt

139 1823 216 1909 ipsa
248 1823 362 1888 fabula
394 1824 533 1908 primurn
568 1825 724 1890 debebam
757 1824 842 1889 Italo
874 1825 1048 1890 correctori
1080 1822 1224 1906 obsequi,

134 1935 300 1995 maurane
321 1952 365 1995 an
387 1933 508 1996 uenalis
529 1932 637 1995 imbuit
659 1955 688 1997 v.
712 1933 777 1996 332
802 1931 955 1998 scribenti
966 1933 999 2015 *)
1021 1953 1080 2015 pro
1107 1948 1223 1993 merea

134 2058 233 2101 amne:
267 2038 353 2123 quod
382 2059 454 2103 cum
483 2040 560 2103 olim
590 2043 755 2122 putassem
779 2038 942 2104 Ciceronis
971 2037 1117 2121 exemplo
1145 2059 1223 2122 quo·

134 2166 148 2209 a
177 2143 309 2208 defendi
337 2167 446 2228 posse,
477 2124 562 2210 nunc
590 2168 655 2210 non
678 2149 772 2210 teneo
796 2146 972 2211 diutius-
987 2143 1026 2209 V.
1049 2144 1113 2209 531
1139 2144 1222 2208 Hem
1235 2159 1374 2203 cecum

134 2251 237 2315 licula
267 2251 386 2316 rectius
417 2241 503 2336 puto¹
528 2256 619 2315 extra
649 2252 733 2316 hunc
756 2275 885 2317 versum
916 2252 1110 2336 ponebatur:
1147 2251 1224 2315 istic

134 2377 154 2421 a
176 2359 249 2422 istic
272 2356 388 2438 Trin.²]
413 2363 528 2440 oportet
549 2360 650 2440 opseri
671 2380 770 2425 encres
792 2361 899 2424 mulos.
916 2398 956 2406 --
972 2358 1011 2422 V.
1021 2359 1086 2423 ⁴359
1110 2380 1223 2423 vereor

138 2463 243 2528 nimia
267 2463 427 2528 modestia
451 2466 606 2530 librorum
630 2467 824 2548 scripturam
849 2466 1001 2548 omnium,
1025 2465 1123 2529 etiam
1148 2463 1223 2528 Am·

134 2570 231 2652 niani,
255 2572 425 2635 servarim:
465 2573 507 2635 m
531 2572 586 2635 tibi
610 2593 704 2649 virtue,
726 2575 858 2654 proinde
881 2579 926 2636 ut.
938 2594 1061 2651 arcerem,
1084 2593 1222 2636 siruuuus

134 2698 168 2741 co
188 2680 329 2759 prutina:
354 2701 450 2760 qumu
475 2680 507 2741 iu
531 2679 624 2742 liuban
642 2701 797 2742 secuudum
812 2680 949 2759 prolium
972 2678 1221 2742 convertendam

134 2805 147 2847 c
169 2784 295 2867 primus
311 2786 386 2847 Aut.
403 2784 533 2847 lleinius
560 2809 648 2849 meus
672 2785 752 2848 dixit
777 2808 815 2848 ca
834 2785 1105 2848 commentatione
1125 2808 1220 2868 quam

134 2894 184 2953 rot.
199 2890 240 2952 ad
261 2912 289 2952 v.
305 2891 369 2952 820
387 2890 698 2975 couuneuror·avi.**)
732 2891 887 2954 liarrssuru
911 2894 1019 2953 tamen
1044 2891 1221 2956 modestiae

134 3016 160 3059 rc
183 2996 346 3060 habebam
370 2997 465 3081 quod,
488 3021 558 3061 cum
584 2998 783 3081 reliquorum
807 2996 1027 3080 exemplorum
1052 2997 1091 3060 ad
1116 2997 1221 3062 defeu-

134 3101 213 3166 rdum
245 3104 406 3187 pluralem
434 3106 635 3188 prolatorum
664 3106 787 3168 nullum
813 3104 862 3167 vel
888 3108 999 3186 aptum
1024 3105 1074 3167 vel
1099 3110 1220 3169 certum

134 3229 149 3270 e
169 3216 323 3275 accurata
343 3210 396 3272 ille
416 3211 634 3293 disputatione
655 3212 822 3292 ellecissot,
846 3215 953 3273 tarueu
974 3232 1074 3274 unum
1094 3218 1221 3294 practer

134 3311 259 3380 'mummi
284 3337 409 3379 vorsum
436 3317 582 3380 videbam
607 3319 755 3382 relictum
780 3339 848 3381 esse
873 3315 1004 3380 l‘oenuli
1031 3316 1069 3397 V,
1088 3319 1117 3399 4,
1145 3320 1219 3382 lut:

150 3425 281 3505 doreqroe
311 3444 425 3499 orreum,
455 3423 542 3486 uobis
569 3424 660 3487 leuben
685 3427 791 3488 urdrito
815 3444 945 3505 orcynus
965 3423 1095 3503 prailius,
1123 3448 1219 3507 quam

134 3525 272 3614 ipturam
302 3530 377 3594 item
403 3530 475 3593 libri
500 3553 612 3594 omnes
637 3536 812 3595 testantur:
849 3553 924 3593 narn
949 3531 982 3592 in
1007 3530 1068 3593 hoc
1092 3532 1220 3614 quidem

134 3635 245 3701 :tando
271 3634 387 3699 Reinio
416 3636 538 3718 aliquid
567 3638 698 3701 humani
735 3637 860 3701 accidit.
893 3673 936 3683 —
964 3634 1002 3698 V.
1030 3638 1108 3701 1οῖ]
1146 3662 1220 3705 con·

134 3768 159 3810 rs
185 3742 344 3826 loquendi
368 3766 444 3806 usus
470 3743 637 3807 Plautinus
661 3744 846 3827 flagitabat,
874 3749 910 3807 ut
933 3748 1014 3806 estne
1038 3744 1069 3807 is
1091 3765 1133 3807 un
1158 3767 1219 3811 uon

171 4045 200 4114 Ι*)
222 4043 487 4115 [usucurc'uasas
508 4042 715 4096 Studemundus
733 4044 853 4097 testatus
872 4044 915 4096 eat
933 4046 1042 4098 exstare
1061 4045 1089 4099 in
1110 4047 1158 4116 A]

150 4157 200 4223 **)
224 4153 352 4225 [Quaerit.
373 4152 464 4207 Plaut.
483 4157 554 4222 part.
576 4152 596 4215 1,
615 4151 658 4206 cd.
678 4151 833 4205 Crcleldiee
853 4168 877 4207 a.
890 4156 968 4219 1834,
987 4171 1013 4222 p.
1027 4160 1073 4217 ¹33
1095 4156 1218 4207 ceterum

134 4251 148 4303 l.
163 4246 220 4300 alt.
242 4258 376 4295 sumniam
394 4241 495 4294 habebo
512 4243 631 4311 oratiam
651 4256 713 4293 cum
733 4239 913 4295 Fleckeiseno
932 4240 1010 4295 dedit
1029 4241 1218 4310 ltitscbelius]

134 4415 151 4448 r,
170 4402 334 4442 maculam
354 4401 491 4437 orvscvtu
511 4402 535 4437 V.
971 4390 1005 4437 34
