<?xml version="1.0" encoding="UTF-8"?>
<!DOCTYPE html PUBLIC "-//W3C//DTD XHTML 1.0 Transitional//EN"
    "http://www.w3.org/TR/xhtml1/DTD/xhtml1-transitional.dtd">
<html xmlns="http://www.w3.org/1999/xhtml" xml:lang="en" lang="en">
 <head>
  <title>
</title>
<meta http-equiv="Content-Type" content="text/html;charset=utf-8" />
  <meta name='ocr-system' content='tesseract 3.04.00' />
  <meta name='ocr-capabilities' content='ocr_page ocr_carea ocr_par ocr_line ocrx_word'/>
</head>
<body>
  <div class='ocr_page' id='page_1' title='image "./fridericiritsch00ritsgoog_0480.png"; bbox 0 0 2836 5034; ppageno 0'>
   <div class='ocr_carea' id='block_1_1' title="bbox 158 336 1021 401">
    <p class='ocr_par' dir='ltr' id='par_1_1' title="bbox 158 336 1021 401">
     <span class='ocr_line' id='line_1_1' title="bbox 158 336 1021 401; baseline -0.009 0"><span class='ocrx_word' id='word_1_1' title='bbox 158 336 224 401; x_wconf 82' lang='lat'><strong>458</strong></span> <span class='ocrx_word' id='word_1_2' title='bbox 449 348 709 398; x_wconf 77' lang='lat' dir='ltr'><strong>raouusounuu</strong></span> <span class='ocrx_word' id='word_1_3' title='bbox 733 347 781 394; x_wconf 83' lang='lat' dir='ltr'><strong>nn</strong></span> <span class='ocrx_word' id='word_1_4' title='bbox 805 346 1021 394; x_wconf 75' lang='lat' dir='ltr'><strong>asrroursvs</strong></span> 
     </span>
    </p>
   </div>
   <div class='ocr_carea' id='block_1_2' title="bbox 118 489 1266 896">
    <p class='ocr_par' dir='ltr' id='par_1_2' title="bbox 118 489 1266 896">
     <span class='ocr_line' id='line_1_2' title="bbox 159 489 1263 574; baseline -0.005 -14"><span class='ocrx_word' id='word_1_5' title='bbox 159 496 214 560; x_wconf 91' lang='lat' dir='ltr'><strong>ubi</strong></span> <span class='ocrx_word' id='word_1_6' title='bbox 245 496 344 559; x_wconf 86' lang='lat' dir='ltr'><strong>etiam</strong></span> <span class='ocrx_word' id='word_1_7' title='bbox 375 494 474 558; x_wconf 89' lang='lat' dir='ltr'><strong>aliam</strong></span> <span class='ocrx_word' id='word_1_8' title='bbox 504 493 546 558; x_wconf 96' lang='lat' dir='ltr'><strong>ob</strong></span> <span class='ocrx_word' id='word_1_9' title='bbox 577 513 725 557; x_wconf 88' lang='lat' dir='ltr'><strong>caussam</strong></span> <span class='ocrx_word' id='word_1_10' title='bbox 753 490 970 574; x_wconf 69' lang='lat' dir='ltr'><strong>probabiliter</strong></span> <span class='ocrx_word' id='word_1_11' title='bbox 997 489 1153 555; x_wconf 64' lang='lat' dir='ltr'><strong>Ausees</strong></span> <span class='ocrx_word' id='word_1_12' title='bbox 1176 489 1263 572; x_wconf 66' lang='lat' dir='ltr'><strong>uude</strong></span> 
     </span>
     <span class='ocr_line' id='line_1_3' title="bbox 118 596 1264 686; baseline -0.004 -19"><span class='ocrx_word' id='word_1_13' title='bbox 118 627 121 632; x_wconf 67' lang='grc'>’</span> <span class='ocrx_word' id='word_1_14' title='bbox 160 603 292 686; x_wconf 77' lang='lat' dir='ltr'><strong>scripsit</strong></span> <span class='ocrx_word' id='word_1_15' title='bbox 320 600 428 666; x_wconf 86' lang='lat' dir='ltr'><strong>deleto</strong></span> <span class='ocrx_word' id='word_1_16' title='bbox 456 599 544 664; x_wconf 80' lang='lat' dir='ltr'><strong>mibi.</strong></span> <span class='ocrx_word' id='word_1_17' title='bbox 589 598 664 663; x_wconf 83' lang='lat' dir='ltr'><strong>Alia</strong></span> <span class='ocrx_word' id='word_1_18' title='bbox 680 601 803 679; x_wconf 10' lang='lat' dir='ltr'><strong>&#39;autem</strong></span> <span class='ocrx_word' id='word_1_19' title='bbox 831 597 979 682; x_wconf 86' lang='lat' dir='ltr'><strong>exempla</strong></span> <span class='ocrx_word' id='word_1_20' title='bbox 1006 597 1041 662; x_wconf 91' lang='lat' dir='ltr'><strong>in</strong></span> <span class='ocrx_word' id='word_1_21' title='bbox 1063 596 1230 662; x_wconf 81' lang='lat' dir='ltr'><strong>Trinummo</strong></span> <span class='ocrx_word' id='word_1_22' title='bbox 1244 605 1264 662; x_wconf 84' lang='lat' dir='ltr'><strong>ct</strong></span> 
     </span>
     <span class='ocr_line' id='line_1_4' title="bbox 159 703 1265 790; baseline -0.002 -18"><span class='ocrx_word' id='word_1_23' title='bbox 159 707 376 774; x_wconf 78' lang='lat' dir='ltr'><strong>Bacchidibus</strong></span> <span class='ocrx_word' id='word_1_24' title='bbox 407 706 501 771; x_wconf 90' lang='lat' dir='ltr'><strong>nulla</strong></span> <span class='ocrx_word' id='word_1_25' title='bbox 531 710 668 771; x_wconf 85' lang='lat' dir='ltr'><strong>exstant.</strong></span> <span class='ocrx_word' id='word_1_26' title='bbox 714 703 838 782; x_wconf 79' lang='lat' dir='ltr'><strong>Quodsi</strong></span> <span class='ocrx_word' id='word_1_27' title='bbox 870 703 1031 789; x_wconf 83' lang='lat' dir='ltr'><strong>quaedam</strong></span> <span class='ocrx_word' id='word_1_28' title='bbox 1057 703 1151 771; x_wconf 91' lang='lat' dir='ltr'><strong>huius</strong></span> <span class='ocrx_word' id='word_1_29' title='bbox 1175 705 1265 790; x_wconf 58' lang='grc'><strong>81111111</strong></span> 
     </span>
     <span class='ocr_line' id='line_1_5' title="bbox 159 810 1266 896; baseline -0.005 -15"><span class='ocrx_word' id='word_1_30' title='bbox 159 817 195 881; x_wconf 93' lang='lat' dir='ltr'><strong>in</strong></span> <span class='ocrx_word' id='word_1_31' title='bbox 225 815 298 880; x_wconf 89' lang='lat' dir='ltr'><strong>aliis</strong></span> <span class='ocrx_word' id='word_1_32' title='bbox 328 812 447 878; x_wconf 89' lang='lat' dir='ltr'><strong>fabulis</strong></span> <span class='ocrx_word' id='word_1_33' title='bbox 480 833 559 877; x_wconf 88' lang='lat' dir='ltr'><strong>sana</strong></span> <span class='ocrx_word' id='word_1_34' title='bbox 588 815 677 896; x_wconf 89' lang='lat' dir='ltr'><strong>sunt,</strong></span> <span class='ocrx_word' id='word_1_35' title='bbox 708 813 755 877; x_wconf 87' lang='lat' dir='ltr'><strong>ais</strong></span> <span class='ocrx_word' id='word_1_36' title='bbox 784 833 914 877; x_wconf 87' lang='lat' dir='ltr'><strong>rursum</strong></span> <span class='ocrx_word' id='word_1_37' title='bbox 944 811 1111 877; x_wconf 72' lang='lat' dir='ltr'><strong>excusatio</strong></span> <span class='ocrx_word' id='word_1_38' title='bbox 1140 810 1177 877; x_wconf 91' lang='lat' dir='ltr'><strong>ab</strong></span> <span class='ocrx_word' id='word_1_39' title='bbox 1201 812 1266 877; x_wconf 82' lang='lat' dir='ltr'><strong>inter·</strong></span> 
     </span>
    </p>
   </div>
   <div class='ocr_carea' id='block_1_3' title="bbox 160 917 1267 1114">
    <p class='ocr_par' dir='ltr' id='par_1_3' title="bbox 160 917 1267 1114">
     <span class='ocr_line' id='line_1_6' title="bbox 160 917 1267 1007; baseline -0.003 -20"><span class='ocrx_word' id='word_1_40' title='bbox 160 923 335 1007; x_wconf 87' lang='lat' dir='ltr'><strong>punctione</strong></span> <span class='ocrx_word' id='word_1_41' title='bbox 363 922 494 1005; x_wconf 89' lang='lat' dir='ltr'><strong>praesto</strong></span> <span class='ocrx_word' id='word_1_42' title='bbox 522 923 572 985; x_wconf 86' lang='lat' dir='ltr'><strong>est</strong></span> <span class='ocrx_word' id='word_1_43' title='bbox 599 940 663 1003; x_wconf 87' lang='lat' dir='ltr'><strong>qua</strong></span> <span class='ocrx_word' id='word_1_44' title='bbox 689 919 724 983; x_wconf 94' lang='lat' dir='ltr'><strong>hi</strong></span> <span class='ocrx_word' id='word_1_45' title='bbox 752 919 849 1004; x_wconf 88' lang='lat' dir='ltr'><strong>pedes</strong></span> <span class='ocrx_word' id='word_1_46' title='bbox 876 918 1086 1003; x_wconf 75' lang='lat' dir='ltr'><strong>dirimantur,</strong></span> <span class='ocrx_word' id='word_1_47' title='bbox 1113 921 1150 985; x_wconf 81' lang='lat' dir='ltr'><strong>ut</strong></span> <span class='ocrx_word' id='word_1_48' title='bbox 1168 917 1267 1003; x_wconf 84' lang='grc'><strong>111111,</strong></span> 
     </span>
     <span class='ocr_line' id='line_1_7' title="bbox 161 1026 665 1114; baseline -0.012 -19"><span class='ocrx_word' id='word_1_49' title='bbox 161 1032 191 1114; x_wconf 83' lang='lat'><strong>6,</strong></span> <span class='ocrx_word' id='word_1_50' title='bbox 215 1029 303 1113; x_wconf 80' lang='lat'><strong>73.*)</strong></span> <span class='ocrx_word' id='word_1_51' title='bbox 327 1026 421 1111; x_wconf 83' lang='lat' dir='ltr'><strong>Oapt.</strong></span> <span class='ocrx_word' id='word_1_52' title='bbox 444 1027 470 1109; x_wconf 89' lang='lat' dir='ltr'><strong>I,</strong></span> <span class='ocrx_word' id='word_1_53' title='bbox 495 1029 524 1109; x_wconf 89' lang='lat'><strong>1,</strong></span> <span class='ocrx_word' id='word_1_54' title='bbox 550 1027 604 1092; x_wconf 89' lang='lat'><strong>18:</strong></span> <span class='ocrx_word' id='word_1_55' title='bbox 655 1093 665 1102; x_wconf 62' lang='lat'><strong>.</strong></span> 
     </span>
    </p>
   </div>
   <div class='ocr_carea' id='block_1_4' title="bbox 173 1166 1032 1359">
    <p class='ocr_par' dir='ltr' id='par_1_4' title="bbox 173 1166 1032 1359">
     <span class='ocr_line' id='line_1_8' title="bbox 249 1166 1032 1254; baseline -0.001 -19"><span class='ocrx_word' id='word_1_56' title='bbox 249 1171 372 1236; x_wconf 76' lang='lat' dir='ltr'><strong>Fatedr.</strong></span> <span class='ocrx_word' id='word_1_57' title='bbox 397 1169 516 1249; x_wconf 76' lang='lat' dir='ltr'><strong>Qrcidui</strong></span> <span class='ocrx_word' id='word_1_58' title='bbox 536 1169 668 1233; x_wconf 77' lang='lat' dir='ltr'><strong>fatearis</strong></span> <span class='ocrx_word' id='word_1_59' title='bbox 692 1189 753 1254; x_wconf 85' lang='lat' dir='ltr'><strong>ego</strong></span> <span class='ocrx_word' id='word_1_60' title='bbox 777 1167 863 1253; x_wconf 91' lang='lat' dir='ltr'><strong>quod</strong></span> <span class='ocrx_word' id='word_1_61' title='bbox 886 1166 1032 1234; x_wconf 85' lang='lat' dir='ltr'><strong>uiderim.</strong></span> 
     </span>
     <span class='ocr_line' id='line_1_9' title="bbox 173 1275 993 1359; baseline -0.001 -17"><span class='ocrx_word' id='word_1_62' title='bbox 173 1295 176 1298; x_wconf 55' lang='lat'><strong>⁴</strong></span> <span class='ocrx_word' id='word_1_63' title='bbox 249 1278 378 1343; x_wconf 70' lang='lat' dir='ltr'><strong>Sassula:</strong></span> <span class='ocrx_word' id='word_1_64' title='bbox 401 1277 527 1359; x_wconf 75' lang='lat' dir='ltr'><strong>quando</strong></span> <span class='ocrx_word' id='word_1_65' title='bbox 548 1298 599 1339; x_wconf 88' lang='lat' dir='ltr'><strong>res</strong></span> <span class='ocrx_word' id='word_1_66' title='bbox 622 1275 795 1359; x_wconf 77' lang='lat' dir='ltr'><strong>redierunt,</strong></span> <span class='ocrx_word' id='word_1_67' title='bbox 819 1275 993 1341; x_wconf 75' lang='lat' dir='ltr'><strong>molossici.</strong></span> 
     </span>
    </p>
   </div>
   <div class='ocr_carea' id='block_1_5' title="bbox 161 1416 1166 1503">
    <p class='ocr_par' dir='ltr' id='par_1_5' title="bbox 161 1416 1166 1503">
     <span class='ocr_line' id='line_1_10' title="bbox 161 1416 1166 1503; baseline -0.002 -18"><span class='ocrx_word' id='word_1_68' title='bbox 161 1419 307 1496; x_wconf 83' lang='lat' dir='ltr'><strong>Quocum</strong></span> <span class='ocrx_word' id='word_1_69' title='bbox 331 1425 442 1484; x_wconf 87' lang='lat' dir='ltr'><strong>tamen</strong></span> <span class='ocrx_word' id='word_1_70' title='bbox 463 1441 530 1484; x_wconf 90' lang='lat' dir='ltr'><strong>non</strong></span> <span class='ocrx_word' id='word_1_71' title='bbox 553 1418 789 1503; x_wconf 89' lang='lat' dir='ltr'><strong>comparandus</strong></span> <span class='ocrx_word' id='word_1_72' title='bbox 812 1419 960 1502; x_wconf 76' lang='lat' dir='ltr'><strong>Hecyrae</strong></span> <span class='ocrx_word' id='word_1_73' title='bbox 983 1416 1009 1502; x_wconf 87' lang='lat' dir='ltr'><strong>I,</strong></span> <span class='ocrx_word' id='word_1_74' title='bbox 1032 1420 1063 1503; x_wconf 78' lang='lat'><strong>2,</strong></span> <span class='ocrx_word' id='word_1_75' title='bbox 1089 1419 1166 1483; x_wconf 84' lang='lat'>119:</span> 
     </span>
    </p>
   </div>
   <div class='ocr_carea' id='block_1_6' title="bbox 250 1560 1151 1650">
    <p class='ocr_par' dir='ltr' id='par_1_6' title="bbox 250 1560 1151 1650">
     <span class='ocr_line' id='line_1_11' title="bbox 250 1560 1151 1650; baseline -0.002 -22"><span class='ocrx_word' id='word_1_76' title='bbox 250 1563 357 1628; x_wconf 81' lang='lat' dir='ltr'><strong>Hube&#39;s</strong></span> <span class='ocrx_word' id='word_1_77' title='bbox 380 1561 604 1627; x_wconf 69' lang='lat' dir='ltr'><strong>catusionem:</strong></span> <span class='ocrx_word' id='word_1_78' title='bbox 628 1564 765 1650; x_wconf 78' lang='lat' dir='ltr'><strong>pergam</strong></span> <span class='ocrx_word' id='word_1_79' title='bbox 787 1584 851 1648; x_wconf 91' lang='lat' dir='ltr'><strong>quo</strong></span> <span class='ocrx_word' id='word_1_80' title='bbox 875 1561 968 1646; x_wconf 87' lang='lat' dir='ltr'><strong>coepi</strong></span> <span class='ocrx_word' id='word_1_81' title='bbox 991 1560 1053 1627; x_wconf 77' lang='lat' dir='ltr'><strong>hoc</strong></span> <span class='ocrx_word' id='word_1_82' title='bbox 1076 1561 1151 1645; x_wconf 85' lang='lat' dir='ltr'><strong>iter,</strong></span> 
     </span>
    </p>
   </div>
   <div class='ocr_carea' id='block_1_7' title="bbox 159 1704 1307 2435">
    <p class='ocr_par' dir='ltr' id='par_1_7' title="bbox 159 1704 1307 2435">
     <span class='ocr_line' id='line_1_12' title="bbox 162 1704 1238 1790; baseline -0.001 -21"><span class='ocrx_word' id='word_1_83' title='bbox 162 1728 202 1769; x_wconf 90' lang='lat' dir='ltr'><strong>ne</strong></span> <span class='ocrx_word' id='word_1_84' title='bbox 225 1727 322 1790; x_wconf 80' lang='lat' dir='ltr'><strong>egens</strong></span> <span class='ocrx_word' id='word_1_85' title='bbox 347 1704 476 1789; x_wconf 89' lang='lat' dir='ltr'><strong>quidem</strong></span> <span class='ocrx_word' id='word_1_86' title='bbox 500 1704 720 1788; x_wconf 87' lang='lat' dir='ltr'><strong>excusatione,</strong></span> <span class='ocrx_word' id='word_1_87' title='bbox 748 1710 784 1770; x_wconf 85' lang='lat' dir='ltr'><strong>ut</strong></span> <span class='ocrx_word' id='word_1_88' title='bbox 812 1705 846 1769; x_wconf 92' lang='lat' dir='ltr'><strong>in</strong></span> <span class='ocrx_word' id='word_1_89' title='bbox 873 1727 936 1789; x_wconf 91' lang='lat' dir='ltr'><strong>quo</strong></span> <span class='ocrx_word' id='word_1_90' title='bbox 963 1704 1083 1769; x_wconf 78' lang='lat' dir='ltr'><strong>bmncm</strong></span> <span class='ocrx_word' id='word_1_91' title='bbox 1107 1705 1238 1789; x_wconf 82' lang='lat' dir='ltr'><strong>corripis</strong></span> 
     </span>
     <span class='ocr_line' id='line_1_13' title="bbox 250 1811 1276 1897; baseline 0.001 -22"><span class='ocrx_word' id='word_1_92' title='bbox 250 1812 365 1876; x_wconf 87' lang='lat' dir='ltr'><strong>Restat</strong></span> <span class='ocrx_word' id='word_1_93' title='bbox 387 1817 433 1895; x_wconf 88' lang='lat' dir='ltr'><strong>ut,</strong></span> <span class='ocrx_word' id='word_1_94' title='bbox 456 1812 610 1896; x_wconf 88' lang='lat' dir='ltr'><strong>quoniam</strong></span> <span class='ocrx_word' id='word_1_95' title='bbox 633 1811 668 1876; x_wconf 89' lang='lat' dir='ltr'><strong>in</strong></span> <span class='ocrx_word' id='word_1_96' title='bbox 690 1812 763 1896; x_wconf 88' lang='lat' dir='ltr'><strong>ipso</strong></span> <span class='ocrx_word' id='word_1_97' title='bbox 781 1812 942 1897; x_wconf 92' lang='lat' dir='ltr'><strong>principio</strong></span> <span class='ocrx_word' id='word_1_98' title='bbox 962 1834 1115 1877; x_wconf 67' lang='lat' dir='ltr'><strong>vanuum</strong></span> <span class='ocrx_word' id='word_1_99' title='bbox 1135 1812 1276 1896; x_wconf 78' lang='lat' dir='ltr'><strong>plurimus</strong></span> 
     </span>
     <span class='ocr_line' id='line_1_14' title="bbox 162 1916 1276 2002; baseline 0.003 -22"><span class='ocrx_word' id='word_1_100' title='bbox 162 1916 378 1981; x_wconf 76' lang='lat' dir='ltr'><strong>excusationis</strong></span> <span class='ocrx_word' id='word_1_101' title='bbox 407 1917 527 1982; x_wconf 87' lang='lat' dir='ltr'><strong>habere</strong></span> <span class='ocrx_word' id='word_1_102' title='bbox 556 1918 737 2002; x_wconf 87' lang='lat' dir='ltr'><strong>quamlibet</strong></span> <span class='ocrx_word' id='word_1_103' title='bbox 764 1919 928 1985; x_wconf 84' lang='lat' dir='ltr'><strong>licentiam</strong></span> <span class='ocrx_word' id='word_1_104' title='bbox 956 1922 1100 2002; x_wconf 87' lang='lat' dir='ltr'><strong>constat,</strong></span> <span class='ocrx_word' id='word_1_105' title='bbox 1135 1919 1276 2002; x_wconf 80' lang='lat' dir='ltr'><strong>primur</strong></span> 
     </span>
     <span class='ocr_line' id='line_1_15' title="bbox 161 2021 1240 2112; baseline 0.007 -28"><span class='ocrx_word' id='word_1_106' title='bbox 161 2021 293 2106; x_wconf 89' lang='lat' dir='ltr'><strong>pedem</strong></span> <span class='ocrx_word' id='word_1_107' title='bbox 326 2023 529 2088; x_wconf 90' lang='lat' dir='ltr'><strong>senariorum</strong></span> <span class='ocrx_word' id='word_1_108' title='bbox 561 2046 621 2089; x_wconf 89' lang='lat' dir='ltr'><strong>nec</strong></span> <span class='ocrx_word' id='word_1_109' title='bbox 652 2026 877 2109; x_wconf 79' lang='lat' dir='ltr'><strong>anapaesticus</strong></span> <span class='ocrx_word' id='word_1_110' title='bbox 910 2048 1004 2092; x_wconf 84' lang='lat' dir='ltr'><strong>voces</strong></span> <span class='ocrx_word' id='word_1_111' title='bbox 1038 2023 1141 2112; x_wconf 88' lang='lat' dir='ltr'><strong>(inter</strong></span> <span class='ocrx_word' id='word_1_112' title='bbox 1169 2049 1240 2112; x_wconf 84' lang='lat' dir='ltr'><strong>quas</strong></span> 
     </span>
     <span class='ocr_line' id='line_1_16' title="bbox 161 2118 1307 2215; baseline 0.008 -23"><span class='ocrx_word' id='word_1_113' title='bbox 161 2128 318 2194; x_wconf 79' lang='lat' dir='ltr'><strong>iambicus</strong></span> <span class='ocrx_word' id='word_1_114' title='bbox 348 2132 515 2215; x_wconf 86' lang='lat' dir='ltr'><strong>tamquam</strong></span> <span class='ocrx_word' id='word_1_115' title='bbox 546 2131 653 2197; x_wconf 89' lang='lat' dir='ltr'><strong>media</strong></span> <span class='ocrx_word' id='word_1_116' title='bbox 681 2131 762 2197; x_wconf 86' lang='lat' dir='ltr'><strong>haec</strong></span> <span class='ocrx_word' id='word_1_117' title='bbox 791 2132 887 2197; x_wconf 89' lang='lat' dir='ltr'><strong>initia</strong></span> <span class='ocrx_word' id='word_1_118' title='bbox 918 2136 995 2198; x_wconf 88' lang='lat' dir='ltr'><strong>sunt</strong></span> <span class='ocrx_word' id='word_1_119' title='bbox 1026 2131 1120 2214; x_wconf 75' lang='lat' dir='ltr'><strong>Quod</strong></span> <span class='ocrx_word' id='word_1_120' title='bbox 1147 2135 1238 2214; x_wconf 61' lang='lat' dir='ltr'><strong>ama,</strong></span> <span class='ocrx_word' id='word_1_121' title='bbox 1303 2118 1307 2158; x_wconf 70' lang='lat'>¹</span> 
     </span>
     <span class='ocr_line' id='line_1_17' title="bbox 160 2234 1304 2326; baseline 0.004 -24"><span class='ocrx_word' id='word_1_122' title='bbox 160 2236 238 2316; x_wconf 65' lang='lat' dir='ltr'><strong>erait,</strong></span> <span class='ocrx_word' id='word_1_123' title='bbox 269 2237 375 2319; x_wconf 80' lang='lat' dir='ltr'><strong>Neque</strong></span> <span class='ocrx_word' id='word_1_124' title='bbox 403 2234 491 2323; x_wconf 68' lang='lat' dir='ltr'><strong>aues)</strong></span> <span class='ocrx_word' id='word_1_125' title='bbox 521 2260 580 2302; x_wconf 88' lang='lat' dir='ltr'><strong>nec</strong></span> <span class='ocrx_word' id='word_1_126' title='bbox 610 2238 802 2322; x_wconf 88' lang='lat' dir='ltr'><strong>spondiacas</strong></span> <span class='ocrx_word' id='word_1_127' title='bbox 833 2261 870 2304; x_wconf 87' lang='lat' dir='ltr'><strong>ac</strong></span> <span class='ocrx_word' id='word_1_128' title='bbox 898 2261 939 2304; x_wconf 91' lang='lat' dir='ltr'><strong>ne</strong></span> <span class='ocrx_word' id='word_1_129' title='bbox 969 2239 1153 2324; x_wconf 77' lang='lat' dir='ltr'><strong>dactylicus</strong></span> <span class='ocrx_word' id='word_1_130' title='bbox 1182 2241 1232 2326; x_wconf 90' lang='lat' dir='ltr'><strong>qui</strong></span> <span class='ocrx_word' id='word_1_131' title='bbox 1262 2312 1265 2317; x_wconf 68' lang='grc'>,</span> <span class='ocrx_word' id='word_1_132' title='bbox 1301 2278 1304 2283; x_wconf 58' lang='lat'><em>&lt;</em></span> 
     </span>
     <span class='ocr_line' id='line_1_18' title="bbox 159 2336 1307 2435; baseline 0.001 -25"><span class='ocrx_word' id='word_1_133' title='bbox 159 2346 255 2410; x_wconf 81' lang='lat' dir='ltr'><strong>voces</strong></span> <span class='ocrx_word' id='word_1_134' title='bbox 278 2344 465 2428; x_wconf 87' lang='lat' dir='ltr'><strong>repudiasse</strong></span> <span class='ocrx_word' id='word_1_135' title='bbox 488 2367 525 2408; x_wconf 88' lang='lat' dir='ltr'><strong>co</strong></span> <span class='ocrx_word' id='word_1_136' title='bbox 550 2345 681 2410; x_wconf 84' lang='lat' dir='ltr'><strong>brevius</strong></span> <span class='ocrx_word' id='word_1_137' title='bbox 705 2336 905 2431; x_wconf 49' lang='lat' dir='ltr'><strong>adnotemus}</strong></span> <span class='ocrx_word' id='word_1_138' title='bbox 927 2367 991 2432; x_wconf 88' lang='lat' dir='ltr'><strong>quo</strong></span> <span class='ocrx_word' id='word_1_139' title='bbox 1015 2348 1125 2435; x_wconf 78' lang='lat' dir='ltr'><strong>magis</strong></span> <span class='ocrx_word' id='word_1_140' title='bbox 1149 2348 1187 2413; x_wconf 90' lang='lat' dir='ltr'><strong>de</strong></span> <span class='ocrx_word' id='word_1_141' title='bbox 1205 2348 1249 2412; x_wconf 91' lang='lat' dir='ltr'><strong>his</strong></span> <span class='ocrx_word' id='word_1_142' title='bbox 1305 2336 1307 2342; x_wconf 41' lang='lat'><strong><em>¹</em></strong></span> 
     </span>
    </p>
   </div>
   <div class='ocr_carea' id='block_1_8' title="bbox 27 2452 1307 4035">
    <p class='ocr_par' dir='ltr' id='par_1_8' title="bbox 27 2452 1307 4035">
     <span class='ocr_line' id='line_1_19' title="bbox 162 2452 1247 2539; baseline 0.002 -22"><span class='ocrx_word' id='word_1_143' title='bbox 162 2452 277 2538; x_wconf 85' lang='lat' dir='ltr'><strong>vulgus</strong></span> <span class='ocrx_word' id='word_1_144' title='bbox 302 2454 439 2516; x_wconf 86' lang='lat' dir='ltr'><strong>constat.</strong></span> <span class='ocrx_word' id='word_1_145' title='bbox 485 2452 594 2537; x_wconf 86' lang='lat' dir='ltr'><strong>Atque</strong></span> <span class='ocrx_word' id='word_1_146' title='bbox 623 2452 920 2536; x_wconf 88' lang='lat' dir='ltr'><strong>spondiacarum</strong></span> <span class='ocrx_word' id='word_1_147' title='bbox 949 2455 1247 2539; x_wconf 87' lang='lat' dir='ltr'><strong>anapaesticaru</strong></span> 
     </span>
     <span class='ocr_line' id='line_1_20' title="bbox 160 2559 1276 2645; baseline 0.003 -19"><span class='ocrx_word' id='word_1_148' title='bbox 160 2584 230 2645; x_wconf 88' lang='lat' dir='ltr'><strong>que</strong></span> <span class='ocrx_word' id='word_1_149' title='bbox 255 2583 331 2625; x_wconf 90' lang='lat' dir='ltr'><strong>usus</strong></span> <span class='ocrx_word' id='word_1_150' title='bbox 356 2582 427 2622; x_wconf 91' lang='lat' dir='ltr'><strong>cum</strong></span> <span class='ocrx_word' id='word_1_151' title='bbox 452 2564 485 2623; x_wconf 87' lang='lat' dir='ltr'><strong>ct</strong></span> <span class='ocrx_word' id='word_1_152' title='bbox 508 2560 721 2623; x_wconf 82' lang='lat' dir='ltr'><strong>creberrimus</strong></span> <span class='ocrx_word' id='word_1_153' title='bbox 745 2560 789 2624; x_wconf 85' lang='lat' dir='ltr'><strong>sit</strong></span> <span class='ocrx_word' id='word_1_154' title='bbox 812 2583 871 2624; x_wconf 91' lang='lat' dir='ltr'><strong>nec</strong></span> <span class='ocrx_word' id='word_1_155' title='bbox 894 2561 989 2624; x_wconf 90' lang='lat' dir='ltr'><strong>ullius</strong></span> <span class='ocrx_word' id='word_1_156' title='bbox 1014 2561 1216 2627; x_wconf 86' lang='lat' dir='ltr'><strong>condicionis</strong></span> <span class='ocrx_word' id='word_1_157' title='bbox 1253 2559 1276 2629; x_wconf 87' lang='grc'><strong>’.</strong></span> 
     </span>
     <span class='ocr_line' id='line_1_21' title="bbox 160 2666 1245 2754; baseline 0.003 -23"><span class='ocrx_word' id='word_1_158' title='bbox 160 2668 241 2732; x_wconf 88' lang='lat' dir='ltr'><strong>culis</strong></span> <span class='ocrx_word' id='word_1_159' title='bbox 273 2668 425 2732; x_wconf 88' lang='lat' dir='ltr'><strong>astrictus</strong></span> <span class='ocrx_word' id='word_1_160' title='bbox 455 2666 598 2752; x_wconf 86' lang='lat' dir='ltr'><strong>(quando</strong></span> <span class='ocrx_word' id='word_1_161' title='bbox 628 2667 667 2731; x_wconf 91' lang='lat' dir='ltr'><strong>ad</strong></span> <span class='ocrx_word' id='word_1_162' title='bbox 698 2668 873 2733; x_wconf 87' lang='lat' dir='ltr'><strong>secundum</strong></span> <span class='ocrx_word' id='word_1_163' title='bbox 896 2668 1004 2752; x_wconf 84' lang='lat' dir='ltr'><strong>potius</strong></span> <span class='ocrx_word' id='word_1_164' title='bbox 1029 2669 1145 2752; x_wconf 89' lang='lat' dir='ltr'><strong>pedem</strong></span> <span class='ocrx_word' id='word_1_165' title='bbox 1171 2692 1208 2754; x_wconf 86' lang='lat' dir='ltr'><strong>pe</strong></span> <span class='ocrx_word' id='word_1_166' title='bbox 1239 2669 1245 2680; x_wconf 83' lang='grc'><strong><em>’</em></strong></span> 
     </span>
     <span class='ocr_line' id='line_1_22' title="bbox 160 2768 1307 2861; baseline 0.001 -24"><span class='ocrx_word' id='word_1_167' title='bbox 160 2798 257 2857; x_wconf 70' lang='lat' dir='ltr'><strong>quiam</strong></span> <span class='ocrx_word' id='word_1_168' title='bbox 286 2774 380 2838; x_wconf 90' lang='lat' dir='ltr'><strong>modo</strong></span> <span class='ocrx_word' id='word_1_169' title='bbox 410 2773 631 2837; x_wconf 87' lang='lat' dir='ltr'><strong>condicionem</strong></span> <span class='ocrx_word' id='word_1_170' title='bbox 660 2773 911 2861; x_wconf 87' lang='lat' dir='ltr'><strong>tractabamus):</strong></span> <span class='ocrx_word' id='word_1_171' title='bbox 944 2779 1053 2840; x_wconf 89' lang='lat' dir='ltr'><strong>tamen</strong></span> <span class='ocrx_word' id='word_1_172' title='bbox 1088 2798 1149 2840; x_wconf 92' lang='lat' dir='ltr'><strong>nec</strong></span> <span class='ocrx_word' id='word_1_173' title='bbox 1181 2768 1277 2840; x_wconf 83' lang='lat' dir='ltr'><strong>iamb&#39;</strong></span> <span class='ocrx_word' id='word_1_174' title='bbox 1306 2783 1307 2787; x_wconf 77' lang='grc'>’</span> 
     </span>
     <span class='ocr_line' id='line_1_23' title="bbox 161 2880 1233 2966; baseline 0 -19"><span class='ocrx_word' id='word_1_175' title='bbox 161 2882 250 2966; x_wconf 86' lang='lat' dir='ltr'><strong>pedis</strong></span> <span class='ocrx_word' id='word_1_176' title='bbox 282 2903 341 2943; x_wconf 88' lang='lat' dir='ltr'><strong>nec</strong></span> <span class='ocrx_word' id='word_1_177' title='bbox 372 2880 582 2944; x_wconf 86' lang='lat' dir='ltr'><strong>iambicarum</strong></span> <span class='ocrx_word' id='word_1_178' title='bbox 614 2881 801 2945; x_wconf 87' lang='lat' dir='ltr'><strong>vocularum</strong></span> <span class='ocrx_word' id='word_1_179' title='bbox 831 2882 872 2945; x_wconf 93' lang='lat' dir='ltr'><strong>ab</strong></span> <span class='ocrx_word' id='word_1_180' title='bbox 904 2882 998 2946; x_wconf 89' lang='lat' dir='ltr'><strong>initio</strong></span> <span class='ocrx_word' id='word_1_181' title='bbox 1033 2885 1233 2949; x_wconf 88' lang='lat' dir='ltr'><strong>senariorum</strong></span> 
     </span>
     <span class='ocr_line' id='line_1_24' title="bbox 161 2986 1237 3074; baseline 0.003 -22"><span class='ocrx_word' id='word_1_182' title='bbox 161 2987 307 3071; x_wconf 87' lang='lat' dir='ltr'><strong>paucitas</strong></span> <span class='ocrx_word' id='word_1_183' title='bbox 336 2992 399 3069; x_wconf 85' lang='lat' dir='ltr'><strong>est,</strong></span> <span class='ocrx_word' id='word_1_184' title='bbox 430 2991 477 3069; x_wconf 86' lang='lat' dir='ltr'><strong>ut,</strong></span> <span class='ocrx_word' id='word_1_185' title='bbox 507 2986 582 3069; x_wconf 90' lang='lat' dir='ltr'><strong>quia</strong></span> <span class='ocrx_word' id='word_1_186' title='bbox 610 2986 750 3070; x_wconf 72' lang='lat' dir='ltr'><strong>‘primus</strong></span> <span class='ocrx_word' id='word_1_187' title='bbox 779 3010 835 3070; x_wconf 89' lang='lat' dir='ltr'><strong>pes</strong></span> <span class='ocrx_word' id='word_1_188' title='bbox 864 2987 1087 3053; x_wconf 88' lang='lat' dir='ltr'><strong>trimetrorum</strong></span> <span class='ocrx_word' id='word_1_189' title='bbox 1116 2990 1237 3074; x_wconf 86' lang='lat' dir='ltr'><strong>pondus</strong></span> 
     </span>
     <span class='ocr_line' id='line_1_25' title="bbox 161 3093 1227 3180; baseline 0.004 -22"><span class='ocrx_word' id='word_1_190' title='bbox 161 3094 400 3159; x_wconf 86' lang='lat' dir='ltr'><strong>multitudinem</strong></span> <span class='ocrx_word' id='word_1_191' title='bbox 434 3094 635 3176; x_wconf 84' lang='lat' dir='ltr'><strong>syllabarum</strong></span> <span class='ocrx_word' id='word_1_192' title='bbox 667 3093 854 3176; x_wconf 84' lang='lat' dir='ltr'><strong>desideret&#39;,</strong></span> <span class='ocrx_word' id='word_1_193' title='bbox 888 3117 958 3159; x_wconf 90' lang='lat' dir='ltr'><strong>cum</strong></span> <span class='ocrx_word' id='word_1_194' title='bbox 987 3094 1183 3162; x_wconf 88' lang='lat' dir='ltr'><strong>Hermanno</strong></span> <span class='ocrx_word' id='word_1_195' title='bbox 1208 3120 1227 3180; x_wconf 94' lang='lat' dir='ltr'>p</span> 
     </span>
     <span class='ocr_line' id='line_1_26' title="bbox 160 3198 1282 3283; baseline 0 -19"><span class='ocrx_word' id='word_1_196' title='bbox 160 3201 246 3264; x_wconf 84' lang='lat' dir='ltr'><strong>Trin.</strong></span> <span class='ocrx_word' id='word_1_197' title='bbox 271 3224 300 3283; x_wconf 84' lang='lat' dir='ltr'><strong>p.</strong></span> <span class='ocrx_word' id='word_1_198' title='bbox 326 3219 383 3262; x_wconf 80' lang='lat' dir='ltr'><strong>xvr</strong></span> <span class='ocrx_word' id='word_1_199' title='bbox 413 3198 629 3263; x_wconf 87' lang='lat' dir='ltr'><strong>damnandum</strong></span> <span class='ocrx_word' id='word_1_200' title='bbox 658 3201 703 3263; x_wconf 87' lang='lat' dir='ltr'><strong>sit</strong></span> <span class='ocrx_word' id='word_1_201' title='bbox 726 3224 835 3264; x_wconf 90' lang='lat' dir='ltr'><strong>versus</strong></span> <span class='ocrx_word' id='word_1_202' title='bbox 861 3202 920 3265; x_wconf 81' lang='grc'><strong>761</strong></span> <span class='ocrx_word' id='word_1_203' title='bbox 948 3202 1079 3266; x_wconf 89' lang='lat' dir='ltr'><strong>initium</strong></span> <span class='ocrx_word' id='word_1_204' title='bbox 1106 3205 1185 3269; x_wconf 89' lang='lat' dir='ltr'><strong>illud</strong></span> <span class='ocrx_word' id='word_1_205' title='bbox 1210 3199 1282 3269; x_wconf 75' lang='lat' dir='ltr'><strong>Mill</strong></span> 
     </span>
     <span class='ocr_line' id='line_1_27' title="bbox 27 3306 1281 3391; baseline 0.005 -19"><span class='ocrx_word' id='word_1_206' title='bbox 27 3339 145 3383; x_wconf 59' lang='lat' dir='ltr'><strong>ccum</strong></span> <span class='ocrx_word' id='word_1_207' title='bbox 160 3310 280 3391; x_wconf 67' lang='lat' dir='ltr'><strong>uiridem</strong></span> <span class='ocrx_word' id='word_1_208' title='bbox 312 3307 409 3370; x_wconf 78' lang='lat' dir='ltr'><strong>lre‘rclc</strong></span> <span class='ocrx_word' id='word_1_209' title='bbox 440 3327 502 3368; x_wconf 76' lang='grc'><strong>11011</strong></span> <span class='ocrx_word' id='word_1_210' title='bbox 534 3311 584 3369; x_wconf 78' lang='lat' dir='ltr'><strong>est.</strong></span> <span class='ocrx_word' id='word_1_211' title='bbox 637 3306 728 3381; x_wconf 78' lang='lat' dir='ltr'><strong>erod</strong></span> <span class='ocrx_word' id='word_1_212' title='bbox 762 3330 817 3371; x_wconf 88' lang='lat' dir='ltr'><strong>cur</strong></span> <span class='ocrx_word' id='word_1_213' title='bbox 850 3330 925 3372; x_wconf 88' lang='lat' dir='ltr'><strong>sane</strong></span> <span class='ocrx_word' id='word_1_214' title='bbox 958 3309 1126 3375; x_wconf 89' lang='lat' dir='ltr'><strong>ferendum</strong></span> <span class='ocrx_word' id='word_1_215' title='bbox 1159 3308 1281 3387; x_wconf 69' lang='lat' dir='ltr'><strong>nonsit.</strong></span> 
     </span>
     <span class='ocr_line' id='line_1_28' title="bbox 158 3413 1281 3496; baseline 0 -16"><span class='ocrx_word' id='word_1_216' title='bbox 158 3416 276 3480; x_wconf 89' lang='lat' dir='ltr'><strong>rectius</strong></span> <span class='ocrx_word' id='word_1_217' title='bbox 297 3414 442 3477; x_wconf 81' lang='lat' dir='ltr'><strong>videmur</strong></span> <span class='ocrx_word' id='word_1_218' title='bbox 461 3436 491 3495; x_wconf 85' lang='lat' dir='ltr'><strong>p.</strong></span> <span class='ocrx_word' id='word_1_219' title='bbox 512 3431 602 3476; x_wconf 72' lang='lat' dir='ltr'><strong>ccxx</strong></span> <span class='ocrx_word' id='word_1_220' title='bbox 618 3413 711 3495; x_wconf 80' lang='lat'>[412]</span> <span class='ocrx_word' id='word_1_221' title='bbox 733 3414 918 3496; x_wconf 87' lang='lat' dir='ltr'><strong>explicasse.</strong></span> <span class='ocrx_word' id='word_1_222' title='bbox 955 3414 1108 3481; x_wconf 82' lang='lat' dir='ltr'><strong>Ceterum</strong></span> <span class='ocrx_word' id='word_1_223' title='bbox 1128 3441 1235 3483; x_wconf 84' lang='lat' dir='ltr'><strong>verum</strong></span> <span class='ocrx_word' id='word_1_224' title='bbox 1248 3416 1281 3480; x_wconf 80' lang='lat' dir='ltr'><strong>ul</strong></span> 
     </span>
     <span class='ocr_line' id='line_1_29' title="bbox 158 3520 1284 3608; baseline 0.003 -20"><span class='ocrx_word' id='word_1_225' title='bbox 158 3524 330 3588; x_wconf 86' lang='lat' dir='ltr'><strong>coniuncta</strong></span> <span class='ocrx_word' id='word_1_226' title='bbox 344 3520 559 3604; x_wconf 88' lang='lat' dir='ltr'><strong>spondcorum</strong></span> <span class='ocrx_word' id='word_1_227' title='bbox 576 3525 890 3606; x_wconf 84' lang='lat' dir='ltr'><strong>anapaestorumque</strong></span> <span class='ocrx_word' id='word_1_228' title='bbox 903 3520 1044 3606; x_wconf 83' lang='lat' dir='ltr'><strong>itemque</strong></span> <span class='ocrx_word' id='word_1_229' title='bbox 1059 3527 1284 3608; x_wconf 74' lang='lat' dir='ltr'><strong>spondiacomn</strong></span> 
     </span>
     <span class='ocr_line' id='line_1_30' title="bbox 158 3628 1283 3716; baseline 0.004 -22"><span class='ocrx_word' id='word_1_230' title='bbox 158 3629 502 3714; x_wconf 80' lang='lat' dir='ltr'><strong>anapaesticorunrque</strong></span> <span class='ocrx_word' id='word_1_231' title='bbox 518 3628 748 3694; x_wconf 88' lang='lat' dir='ltr'><strong>vocabulorum</strong></span> <span class='ocrx_word' id='word_1_232' title='bbox 769 3628 952 3712; x_wconf 88' lang='lat' dir='ltr'><strong>frequentia</strong></span> <span class='ocrx_word' id='word_1_233' title='bbox 968 3630 1065 3716; x_wconf 84' lang='lat' dir='ltr'><strong>longe</strong></span> <span class='ocrx_word' id='word_1_234' title='bbox 1084 3634 1212 3700; x_wconf 84' lang='lat' dir='ltr'><strong>rariora</strong></span> <span class='ocrx_word' id='word_1_235' title='bbox 1228 3634 1283 3698; x_wconf 74' lang='lat' dir='ltr'><strong>irs</strong></span> 
     </span>
     <span class='ocr_line' id='line_1_31' title="bbox 159 3735 1285 3823; baseline 0.003 -23"><span class='ocrx_word' id='word_1_236' title='bbox 159 3739 272 3800; x_wconf 85' lang='lat' dir='ltr'><strong>borum</strong></span> <span class='ocrx_word' id='word_1_237' title='bbox 296 3735 572 3820; x_wconf 85' lang='lat' dir='ltr'><strong>iambicorumque</strong></span> <span class='ocrx_word' id='word_1_238' title='bbox 596 3737 629 3800; x_wconf 90' lang='lat' dir='ltr'><strong>in</strong></span> <span class='ocrx_word' id='word_1_239' title='bbox 654 3737 759 3819; x_wconf 83' lang='lat' dir='ltr'><strong>primo</strong></span> <span class='ocrx_word' id='word_1_240' title='bbox 784 3736 862 3819; x_wconf 83' lang='lat' dir='ltr'><strong>pede</strong></span> <span class='ocrx_word' id='word_1_241' title='bbox 886 3739 1035 3820; x_wconf 88' lang='lat' dir='ltr'><strong>exempla</strong></span> <span class='ocrx_word' id='word_1_242' title='bbox 1059 3762 1142 3823; x_wconf 85' lang='lat' dir='ltr'><strong>esse,</strong></span> <span class='ocrx_word' id='word_1_243' title='bbox 1167 3740 1285 3807; x_wconf 81' lang='lat' dir='ltr'><strong>neclan</strong></span> 
     </span>
     <span class='ocr_line' id='line_1_32' title="bbox 158 3843 1286 3930; baseline 0.003 -24"><span class='ocrx_word' id='word_1_244' title='bbox 158 3844 378 3926; x_wconf 79' lang='lat' dir='ltr'><strong>frequentiora</strong></span> <span class='ocrx_word' id='word_1_245' title='bbox 397 3865 494 3925; x_wconf 88' lang='lat' dir='ltr'><strong>quam</strong></span> <span class='ocrx_word' id='word_1_246' title='bbox 515 3845 547 3906; x_wconf 91' lang='lat' dir='ltr'><strong>in</strong></span> <span class='ocrx_word' id='word_1_247' title='bbox 567 3843 681 3925; x_wconf 85' lang='lat' dir='ltr'><strong>quinto</strong></span> <span class='ocrx_word' id='word_1_248' title='bbox 696 3844 776 3927; x_wconf 89' lang='lat' dir='ltr'><strong>pede</strong></span> <span class='ocrx_word' id='word_1_249' title='bbox 791 3845 938 3908; x_wconf 88' lang='lat' dir='ltr'><strong>trimetri.</strong></span> <span class='ocrx_word' id='word_1_250' title='bbox 973 3843 1185 3930; x_wconf 85' lang='lat' dir='ltr'><strong>Dactylica</strong></span> <span class='ocrx_word' id='word_1_251' title='bbox 1205 3855 1286 3914; x_wconf 78' lang='lat' dir='ltr'><strong>auten</strong></span> 
     </span>
     <span class='ocr_line' id='line_1_33' title="bbox 156 3948 1288 4035; baseline 0.004 -23"><span class='ocrx_word' id='word_1_252' title='bbox 156 3951 314 4012; x_wconf 82' lang='lat' dir='ltr'><strong>vocabula</strong></span> <span class='ocrx_word' id='word_1_253' title='bbox 343 3954 378 4012; x_wconf 86' lang='lat' dir='ltr'><strong>ut</strong></span> <span class='ocrx_word' id='word_1_254' title='bbox 406 3972 479 4012; x_wconf 86' lang='lat' dir='ltr'><strong>rara</strong></span> <span class='ocrx_word' id='word_1_255' title='bbox 509 3949 555 4013; x_wconf 89' lang='lat' dir='ltr'><strong>ita</strong></span> <span class='ocrx_word' id='word_1_256' title='bbox 584 3954 671 4014; x_wconf 85' lang='lat' dir='ltr'><strong>certa</strong></span> <span class='ocrx_word' id='word_1_257' title='bbox 698 3956 775 4014; x_wconf 86' lang='lat' dir='ltr'><strong>sunt</strong></span> <span class='ocrx_word' id='word_1_258' title='bbox 802 3952 853 4015; x_wconf 91' lang='lat' dir='ltr'><strong>his</strong></span> <span class='ocrx_word' id='word_1_259' title='bbox 883 3952 1039 4035; x_wconf 84' lang='lat' dir='ltr'><strong>exemplis</strong></span> <span class='ocrx_word' id='word_1_260' title='bbox 1069 3953 1161 4019; x_wconf 85' lang='lat' dir='ltr'><strong>Trin.</strong></span> <span class='ocrx_word' id='word_1_261' title='bbox 1186 3948 1288 4020; x_wconf 73' lang='grc'><strong>5411</strong></span> 
     </span>
    </p>
   </div>
   <div class='ocr_carea' id='block_1_9' title="bbox 162 4056 966 4123">
    <p class='ocr_par' dir='ltr' id='par_1_9' title="bbox 162 4056 966 4123">
     <span class='ocr_line' id='line_1_34' title="bbox 162 4056 966 4123; baseline 0.005 -5"><span class='ocrx_word' id='word_1_262' title='bbox 162 4057 232 4119; x_wconf 80' lang='grc'><strong>186.</strong></span> <span class='ocrx_word' id='word_1_263' title='bbox 256 4058 328 4121; x_wconf 79' lang='lat'><strong>205.</strong></span> <span class='ocrx_word' id='word_1_264' title='bbox 354 4058 427 4121; x_wconf 79' lang='lat'><strong>396.</strong></span> <span class='ocrx_word' id='word_1_265' title='bbox 452 4056 568 4121; x_wconf 87' lang='lat' dir='ltr'><strong>Bacch.</strong></span> <span class='ocrx_word' id='word_1_266' title='bbox 592 4058 665 4122; x_wconf 73' lang='lat'><strong>542.</strong></span> <span class='ocrx_word' id='word_1_267' title='bbox 691 4059 764 4123; x_wconf 78' lang='lat'><strong>556.</strong></span> <span class='ocrx_word' id='word_1_268' title='bbox 791 4060 862 4122; x_wconf 81' lang='grc'><strong>144.</strong></span> <span class='ocrx_word' id='word_1_269' title='bbox 887 4060 966 4123; x_wconf 84' lang='grc'><strong>811;</strong></span> 
     </span>
    </p>
   </div>
   <div class='ocr_carea' id='block_1_10' title="bbox 245 4178 1152 4372">
    <p class='ocr_par' dir='ltr' id='par_1_10' title="bbox 245 4178 1152 4372">
     <span class='ocr_line' id='line_1_35' title="bbox 245 4178 1152 4254; baseline 0.014 -13"><span class='ocrx_word' id='word_1_270' title='bbox 245 4178 405 4244; x_wconf 86' lang='lat' dir='ltr'><strong>Omnibus</strong></span> <span class='ocrx_word' id='word_1_271' title='bbox 430 4181 542 4245; x_wconf 84' lang='lat' dir='ltr'><strong>amicis</strong></span> <span class='ocrx_word' id='word_1_272' title='bbox 603 4233 1152 4254; x_wconf 86' lang='grc'>...........</span> 
     </span>
     <span class='ocr_line' id='line_1_36' title="bbox 245 4285 1152 4372; baseline 0.012 -24"><span class='ocrx_word' id='word_1_273' title='bbox 245 4285 386 4351; x_wconf 86' lang='lat' dir='ltr'><strong>Hascine</strong></span> <span class='ocrx_word' id='word_1_274' title='bbox 410 4292 544 4372; x_wconf 77' lang='lat' dir='ltr'><strong>propter</strong></span> <span class='ocrx_word' id='word_1_275' title='bbox 568 4313 618 4353; x_wconf 84' lang='lat' dir='ltr'><strong>res</strong></span> <span class='ocrx_word' id='word_1_276' title='bbox 656 4340 1152 4359; x_wconf 85' lang='grc'><strong>..........</strong></span> 
     </span>
    </p>
   </div>
   <div class='ocr_carea' id='block_1_11' title="bbox 247 4458 759 4536">
    <p class='ocr_par' dir='ltr' id='par_1_11' title="bbox 247 4458 759 4536">
     <span class='ocr_line' id='line_1_37' title="bbox 247 4458 759 4536; baseline 0.004 -20"><span class='ocrx_word' id='word_1_277' title='bbox 247 4460 271 4527; x_wconf 75' lang='grc'><strong>*)</strong></span> <span class='ocrx_word' id='word_1_278' title='bbox 294 4458 346 4530; x_wconf 75' lang='lat' dir='ltr'><strong>[Of.</strong></span> <span class='ocrx_word' id='word_1_279' title='bbox 367 4467 461 4517; x_wconf 85' lang='lat' dir='ltr'><strong>annot.</strong></span> <span class='ocrx_word' id='word_1_280' title='bbox 481 4464 517 4518; x_wconf 90' lang='lat' dir='ltr'><strong>ad</strong></span> <span class='ocrx_word' id='word_1_281' title='bbox 537 4466 609 4518; x_wconf 91' lang='lat' dir='ltr'><strong>hunc</strong></span> <span class='ocrx_word' id='word_1_282' title='bbox 629 4467 759 4536; x_wconf 80' lang='lat' dir='ltr'><strong>versum]</strong></span> 
     </span>
    </p>
   </div>
   <div class='ocr_carea' id='block_1_12' title="bbox 0 0 1426 5034">
    <p class='ocr_par' dir='ltr' id='par_1_12' title="bbox 0 0 1426 5034">
     <span class='ocr_line' id='line_1_38' title="bbox 0 0 1426 5034; baseline 0 0"><span class='ocrx_word' id='word_1_283' title='bbox 0 0 1426 5034; x_wconf 95' lang='lat' dir='ltr'><strong> </strong></span> 
     </span>
    </p>
   </div>
  </div>
 </body>
</html>
