2836 5034
227 350 293 417 430
516 362 775 416 Pronnoomara
798 366 847 414 os
870 351 1081 417 arrmmavs

227 511 289 598 (sic
312 514 400 581 enim
425 510 645 599 scribendum)
669 512 827 598 probandi
850 512 883 577 vi
907 517 1004 597 caret,
1027 511 1114 597 quod
1137 533 1201 576 non
1220 532 1278 576 raro
1293 509 1327 575 eto

228 625 265 684 ut
289 620 506 704 epiphonema
529 624 623 685 extra
644 643 773 685 versum
797 620 941 705 positum
959 624 1030 717 est„
1043 623 1080 683 ut
1098 617 1189 684 Trin.
1205 618 1268 683 934.
1281 619 1328 682 942.

228 726 356 791 Pariter
379 726 495 790 elisum
519 727 568 790 eia
591 725 692 791 habes
715 727 806 791 velut
828 724 901 792 (las.
924 724 984 809 Ill,
1008 726 1039 809 6,
1062 726 1092 790 4.
1116 724 1207 789 Ττιιο.
1227 724 1331 808 1,l,91,

228 854 324 916 quem
349 833 585 897 Ambrosianus
608 832 699 897 iubet
721 834 769 898 ita
791 833 918 898 restitui
942 852 1103 897 unacum
1127 830 1275 915 proximo:
1405 836 1413 843 “

277 971 281 978 ’
341 991 403 1058 AS.
427 993 507 1076 Eia,
530 992 618 1058 haud
647 993 727 1056 itast
755 1015 815 1058 res.
838 991 894 1057 DI.
918 983 974 1057 tin
1002 996 1039 1056 tu
1068 1014 1140 1057 eam
1166 1014 1216 1056 me
1242 990 1335 1055 amirei

870 1097 931 1165 AS.
955 1099 1056 1164 immo
1079 1099 1172 1164 unice
1195 1103 1291 1164 dnum

341 1207 396 1272 DI.
424 1206 593 1290 Peperisse
622 1230 693 1272 eam
712 1204 840 1273 audiui.
869 1205 931 1272 AS.
959 1207 1015 1290 ah,
1046 1206 1197 1289 obsecro,
1223 1209 1287 1269 tace
1308 1200 1343 1269 lli·
1407 1178 1412 1183 ¹

868 1314 1010 1380 niarche.
1035 1313 1090 1379 Dl.
1115 1311 1193 1398 quid
1216 1311 1296 1377 iam‘l

229 1495 300 1572 Quo
319 1499 428 1559 tamen
447 1515 512 1557 non
531 1494 711 1558 rettulerim
732 1516 805 1558 cum
824 1493 1048 1558 Lacuuauno
1067 1513 1211 1576 prooem.
1229 1490 1356 1556 indlect

229 1602 335 1667 Berol.
355 1605 432 1665 aest.
451 1623 479 1665 a.
494 1617 800 1666 orolacccxxxxvn
814 1624 844 1685 p.
860 1603 880 1666 6
896 1603 952 1682 [=
963 1601 997 1665 in
1010 1598 1104 1665 Lucr.
1120 1621 1239 1665 comm
1253 1621 1283 1683 p.
1298 1596 1361 1678 llll

229 1708 347 1773 Persae
365 1729 494 1771 versum
514 1707 554 1792 ll,
574 1709 603 1791 2,
622 1709 675 1794 30,
694 1729 789 1794 quem
809 1708 863 1773 ille
883 1708 929 1773 sic
948 1706 1169 1793 dimetitur*):
1188 1706 1285 1771 Heio.
1302 1702 1365 1769 licii

230 1821 280 1879 tuo
303 1815 341 1878 otc
363 1815 494 1896 «inpenso,
517 1834 576 1898 ego
602 1814 648 1880 sic
666 1815 791 1899 potius:

143 2002 214 2041 cxor
340 1975 433 2058 Heio,
456 1975 534 2059 licio,
557 1980 614 2041 tuo
639 1978 676 2040 e‘x
701 1977 832 2061 iugenio
856 1979 961 2041 mores
984 1975 1109 2041 alienos
1133 1976 1277 2060 probas:

229 2153 358 2237 quando
387 2153 420 2217 in
447 2156 580 2239 longam
611 2155 771 2238 syllabam
801 2177 866 2220 non
894 2156 998 2240 magis
1027 2154 1251 2219 demonstrari
1276 2157 1373 2238 potest

228 2259 298 2323 mia
320 2260 435 2325 exiisse
459 2283 556 2346 quam
579 2261 642 2344 clm,
664 2282 723 2344 pro
747 2282 810 2345 quo
834 2261 888 2325 ebo
911 2265 944 2325 tu
963 2260 1203 2332 Ambrosianus
1229 2260 1374 2344 praebuit

228 2366 315 2431 Trin.
335 2368 387 2432 55.
411 2366 563 2433 Ceterum
583 2390 655 2433 cum
679 2388 805 2432 cessare
828 2390 942 2434 vocem
961 2369 1058 2434 etiam
1082 2371 1160 2432 ante
1185 2366 1377 2431 interiectio·

227 2494 302 2536 nem
327 2477 578 2538 consentaneum
603 2475 660 2557 sit,
683 2478 793 2538 tamen
817 2475 867 2539 vel
891 2474 939 2539 sic
963 2474 1055 2538 elisio
1077 2472 1166 2537 haud
1191 2478 1379 2538 cunctanter

229 2579 370 2643 admissa
394 2585 452 2663 est,
476 2585 511 2644 ut
534 2582 620 2646 Trin.
643 2604 671 2645 v.
696 2582 770 2644 536.
795 2582 867 2645 870.
892 2581 965 2645 963.
992 2582 1086 2645 1072.
1113 2580 1215 2644 1059:

340 2758 409 2821 Alii
431 2782 463 2822 se
487 2760 674 2843 suspendere.
697 2780 735 2822 ca
761 2760 817 2837 [cin
844 2758 958 2839 Trin.²]
983 2781 1066 2823 nunc
1089 2758 1157 2841 hic,
1181 2762 1306 2843 quoius
1330 2768 1380 2826 est

340 2849 474 2948 Aperite
502 2866 577 2950 hoc,
607 2869 728 2948 operite.
759 2866 844 2947 licus,
876 2866 967 2950 ecqui
998 2865 1049 2928 his
1078 2865 1206 2931 foribus
1248 2869 1379 2933 tutelam

721 2960 724 2964 ⁴
869 2973 976 3057 gerit?
1411 3040 1413 3061 ἰ

341 3062 604 3163 Adgrediundust
627 3079 679 3144 hic
704 3080 800 3144 homo
825 3079 869 3142 mi
893 3083 972 3143 astu.
995 3078 1083 3161 hats,
1107 3078 1190 3162 Pax,
1216 3085 1252 3145 te
1277 3083 1380 3146 tribus
1411 3064 1413 3073 ¹

773 3245 779 3256 .
870 3184 977 3250 uerbis
1002 3185 1085 3250 uolo.

316 3380 341 3448 *)
368 3381 437 3434 Cum
464 3380 562 3434 eodem
590 3380 767 3434 Lachmanno
793 3396 876 3448 aegre
903 3379 962 3432 fero
988 3378 1058 3431 milri
1084 3378 1170 3431 etiarn
1198 3380 1236 3435 de
1264 3383 1381 3439 aliorum

227 3489 356 3525 versuum
381 3471 554 3538 quorundam
578 3486 708 3524 mensura
732 3485 787 3522 non
812 3469 879 3521 satis
902 3467 1058 3521 convenire.
1097 3466 1185 3521 Velut
1210 3486 1318 3539 parum
1342 3489 1382 3525 ex·

227 3560 310 3629 pedio
334 3577 390 3628 qua
415 3577 543 3613 mensura
568 3560 711 3613 decurrere
734 3560 807 3611 hunc
831 3558 963 3633 voluerit:
988 3556 1126 3609 Pecuniae
1144 3561 1285 3627 accipiter
1305 3563 1382 3616 card

227 3655 307 3716 alque
326 3650 418 3702 liuida.
449 3647 499 3716 [cf.
521 3649 590 3702 Nov.
611 3666 667 3701 erc.
689 3648 778 3700 Plaut.
800 3648 810 3699 l
830 3665 855 3714 p.
878 3646 950 3712 ilfa]
983 3644 1051 3713 Nec,
1070 3645 1093 3697 si
1113 3646 1184 3713 quid
1205 3649 1307 3715 video,
1327 3668 1381 3721 pro

226 3737 358 3791 habiliter
381 3737 429 3790 ille
455 3739 554 3806 Amph.
575 3738 595 3805 l,
616 3744 640 3801 1,
661 3744 711 3792 188
735 3739 764 3790 et
783 3737 863 3790 Most.
883 3735 929 3801 lv,
950 3742 974 3801 2,
994 3741 1028 3788 59
1048 3733 1196 3804 discripsit
1222 3739 1382 3807 [commin

227 3825 306 3880 Lucr.
327 3844 353 3893 p.
376 3828 452 3893 1ca],
476 3826 524 3893 qui
548 3825 616 3879 mihi
640 3826 770 3879 videntur
794 3825 836 3877 his
863 3823 1024 3877 accentibus
1049 3824 1168 3877 notandi
1189 3825 1298 3883 fuisse:

298 3944 368 4020 Aine
388 3974 471 4020 uero?
504 3945 556 4022 Aio
576 3967 727 4022 enimuero.
756 3965 887 4020 Verbere.
918 3965 1035 4019 Mentire
1054 3983 1143 4022 nunc:

297 4051 358 4128 Aio.
379 4075 470 4140 Atque
490 4091 553 4128 eam
572 4093 655 4129 manu
675 4075 809 4129 e'misisse.
829 4050 890 4127 Aio.
910 4073 947 4127 Et
960 4076 1110 4142 postquam
1125 4076 1189 4130 cius
1205 4078 1276 4134 binc
1291 4083 1382 4150 pater:

226 4222 280 4275 nisi
299 4223 373 4290 quod
394 4223 421 4276 in
441 4222 531 4291 priore
550 4240 605 4276 non
625 4224 683 4276 fero
703 4224 778 4289 cine,
803 4221 851 4276 sed
871 4220 1060 4290 reponendum
1079 4224 1151 4290 puto
1168 4227 1232 4280 Ain
1253 4233 1285 4281 tu
1302 4230 1382 4282 uero?

227 4312 449 4366 Commemoravi
468 4316 561 4365 autom
582 4313 651 4366 haec
670 4317 820 4381 propterea
839 4317 878 4378 ut,
898 4312 920 4364 si
939 4311 1010 4364 sorte
1030 4311 1065 4363 de
1084 4311 1126 4364 eis
1146 4315 1227 4370 ratio
1244 4334 1290 4372 me
1309 4318 1382 4372 fciet·

227 4402 303 4468 lerit,
327 4420 410 4469 quam
435 4401 533 4455 fateor·
549 4402 639 4455 adhuc
663 4419 707 4454 me
731 4400 882 4454 credidisse
907 4399 1104 4468 certissimam,
1125 4403 1254 4461 meliora
1272 4425 1291 4462 a
1309 4424 1384 4479 prae·

228 4490 399 4543 slantissimo
418 4490 573 4557 eodemque
593 4490 736 4544 carissimo
756 4491 817 4544 viro
837 4491 961 4544 edocear.
