2836 5034
150 301 217 365 444
440 311 698 362 Puouusouuna
720 311 768 359 nu
792 309 1006 358 uarioruuvs

151 463 183 524 et
206 457 271 523 VII
300 461 549 542 composuimus.
596 455 667 532 Quo
696 457 824 539 practer
848 453 914 518 alia
936 452 1017 517 adde
1034 452 1173 535 pldoidule

150 566 237 631 cidcd
258 562 372 646 urias]
402 567 439 639 lu,
460 563 655 629 lubenzdordo
682 584 743 645 pro
761 560 886 644 placide
904 563 941 625 iu
962 559 1176 625 urbemuador

74 701 75 704 ยน
152 670 413 738 commendatum
437 670 726 755 p.uxxx1[338].

623 972 734 1020 cnavu
758 953 829 1018 XV.

240 1115 442 1180 Difficillima
471 1115 614 1178 omnium
643 1113 756 1178 haberi
779 1136 817 1179 ea
841 1115 989 1199 quaestio
1014 1114 1110 1196 solet,
1142 1136 1176 1197 qu

152 1224 190 1289 de
214 1226 396 1288 accentus
421 1221 592 1286 verborum
616 1242 687 1284 cum
705 1241 913 1285 numerorum
933 1219 1116 1284 rationibus
1135 1242 1176 1284 cor

151 1331 250 1395 tione.
296 1329 344 1394 De
369 1350 432 1412 qua
456 1328 517 1392 etsi
541 1326 621 1391 mihi
644 1327 755 1392 videor
776 1327 825 1391 ita
847 1326 1014 1410 disputare
1038 1348 1133 1409 posse
1155 1348 1176 1388 u

55 1464 138 1504 ccvn
152 1437 212 1501 bus
237 1458 255 1498 a
279 1435 446 1519 principiis
470 1434 616 1518 profecta
639 1434 819 1518 quibusque
844 1456 863 1497 a
886 1433 1011 1498 caussis
1030 1436 1110 1496 nata
1128 1432 1166 1496 ad

152 1542 262 1627 legum
291 1541 509 1606 constantiam
537 1563 589 1605 ars
618 1540 678 1605 illa
706 1544 875 1624 poetarum
899 1559 1074 1624 progressa
1098 1539 1154 1620 sit,

153 1652 258 1713 totum
276 1648 339 1714 hoc
358 1669 460 1735 genus
481 1648 682 1712 admirabilis
703 1647 932 1713 concinnitatis
951 1646 1087 1731 regitur,
1110 1647 1176 1730 plar

152 1752 413 1840 intellegatur*):
447 1759 557 1820 tamen
586 1755 724 1839 amplius
753 1755 785 1819 id
815 1754 878 1820 sibi
903 1754 1045 1837 spatium
1070 1754 1176 1837 poscit

152 1862 236 1944 quod
262 1861 336 1926 huic
358 1863 402 1926 sit
424 1861 618 1945 praefationi
643 1884 839 1927 concessum.
884 1862 998 1946 Itaque
1026 1860 1176 1924 bucolic

152 1974 243 2031 turus
272 1991 355 2032 nunc
384 1968 563 2052 singularia
586 1971 715 2033 tantum
738 1968 896 2052 quaedam
919 1971 1068 2052 tangam,
1098 1989 1176 2050 quor

153 2075 257 2158 ipsam
288 2075 432 2139 criticam
462 2074 677 2139 factitandam
705 2075 814 2158 paullo
846 2074 976 2158 gravius
1006 2079 1175 2138 momentu

153 2202 254 2265 genus
282 2181 468 2245 universum
498 2184 585 2246 recte
616 2181 832 2246 definiendum
864 2181 1070 2264 paucissimis
1102 2205 1176 2266 pras

153 2287 293 2353 Omnino
322 2288 406 2352 enim
442 2287 525 2352 nihil
554 2310 624 2353 esse
651 2288 767 2352 falsius
794 2291 906 2372 potest
933 2311 1032 2373 quam
1063 2288 1151 2373 quod

154 2395 237 2458 Latii
266 2393 521 2479 posteriorisque
549 2395 666 2460 aetatis
694 2394 856 2477 poeticam
880 2395 927 2458 ita
950 2393 1012 2458 sibi
1036 2395 1176 2458 invicem

152 2507 243 2584 nunt,
266 2507 304 2566 ut
327 2501 410 2566 hanc
433 2503 616 2585 quantitate
641 2501 842 2585 syllabarum
866 2501 949 2586 regi,
972 2500 1066 2564 illam
1092 2502 1176 2566 dicar

152 2611 301 2673 accentus
325 2611 472 2691 pendere..
510 2609 654 2684 Quorum
679 2611 807 2672 tantum
831 2609 920 2692 prius
945 2630 1056 2671 verum
1082 2615 1142 2692 est,
1166 2635 1176 2673 c

151 2715 192 2779 lic
216 2720 367 2779 accentus
392 2715 457 2777 vim
481 2716 713 2798 propemodum
738 2715 861 2778 nullam
887 2737 955 2778 esso
980 2718 1123 2779 constet:
1159 2741 1176 2779 a

151 2845 191 2886 ne
216 2823 262 2885 sic
285 2823 413 2906 quidcru
434 2844 506 2885 vere
527 2821 728 2904 describitur,
752 2826 788 2884 ut
806 2845 878 2885 curn
899 2826 1032 2885 accentu
1053 2823 1176 2886 dicatur

150 2930 256 2993 titatis
288 2929 371 2992 ratio
396 2927 505 3011 aliquo
530 2933 785 3012 temperamento
809 2928 970 3012 coniungi.
1017 2928 1104 2993 Num
1130 2936 1175 2994 tar

151 3059 208 3100 acu
233 3058 284 3099 res
308 3035 356 3099 ita
379 3034 507 3098 demum
533 3035 687 3119 tangitur,
711 3040 747 3099 ut
771 3036 870 3099 etium
890 3036 1007 3098 veteris
1028 3038 1173 3100 comoedi

150 3141 347 3227 goediaeque
376 3142 439 3204 arti
468 3142 620 3205 metricae
650 3164 715 3225 pro
740 3142 993 3205 fundamento
1018 3143 1121 3207 fuisse
1146 3168 1176 3227 qr

150 3248 245 3311 tatis
284 3249 598 3313 observationem
636 3247 859 3331 intellegatur,
899 3249 955 3311 sed
989 3250 1058 3312 eius
1092 3273 1176 3333 quau

149 3377 231 3438 quae
256 3355 360 3440 qualis
380 3356 479 3419 fuerit
499 3355 678 3438 quibusque
698 3355 793 3418 rebus
815 3377 833 3418 a
853 3357 1071 3438 posteriorum
1093 3380 1174 3420 sacer

149 3462 380 3527 consuetudine
410 3462 522 3545 distet,
556 3462 777 3543 superioribus
808 3462 971 3545 capitibus
1002 3462 1176 3526 declaratur

149 3591 231 3632 cum
256 3571 323 3633 cius
348 3574 454 3633 autem
484 3569 720 3652 quantitatis
750 3570 964 3633 severitate
993 3593 1176 3633 summan

148 3679 210 3738 tus
235 3676 564 3757 observationem,
592 3677 713 3755 quirrud
734 3677 812 3738 eius
833 3678 927 3755 ficri
945 3683 1081 3758 posset,
1111 3700 1175 3739 cou

149 3784 224 3842 tam
249 3803 327 3844 esse.
374 3781 510 3844 Prorsus
535 3781 621 3843 cuim
646 3786 817 3864 utramque
841 3783 1001 3846 rationem
1025 3805 1177 3865 erurequui

147 3886 225 3950 nino
250 3910 314 3950 non
337 3891 513 3969 potuerunt
536 3890 660 3971 poetae,
684 3888 711 3950 si
737 3887 833 3951 modo
857 3887 926 3951 ficri
952 3909 1063 3951 versus
1088 3890 1176 3952 valler

148 3996 232 4056 certo
257 3998 324 4056 tam
349 3995 496 4077 angustis
521 3994 640 4058 finibus
671 3998 773 4058 semet
801 4017 946 4058 coercere
971 3995 1159 4077 debuerant,

147 4120 248 4161 unum
272 4098 437 4163 modulum
463 4102 606 4164 centenis
627 4102 774 4165 versibus
799 4124 870 4164 curn
895 4103 1037 4165 maxima
1060 4103 1176 4166 molest

146 4205 314 4269 fabricatis
342 4228 407 4268 non
435 4212 569 4288 possent
596 4231 660 4272 nou
684 4209 718 4272 in
742 4208 962 4271 incredibilem
986 4208 1067 4272 artis
1091 4209 1176 4272 ieiun

252 4415 277 4484 *J
298 4416 350 4486 [ef.
373 4416 473 4483 Opusc.
492 4417 560 4485 phil.
583 4419 606 4471 ll
625 4420 712 4487 praef.
734 4438 758 4488 p.
779 4419 899 4487 Xlsqq.]
