2836 5034
463 310 698 358 nsrmurscna
722 312 849 359 aenan.
1159 296 1223 360 663

134 459 168 518 te
199 475 271 518 eam
304 453 568 537 interpretemur,
600 453 814 518 humanitatis
844 453 893 518 vis
923 458 957 518 et
985 453 1128 539 dignitas
1156 453 1223 520 ullo

134 566 176 625 :to
207 559 408 644 adversetur,
436 560 485 625 vel
516 561 585 626 sine
616 560 819 626 humanitate
843 561 899 626 illa
922 560 994 646 ipsa
1016 560 1123 646 possit
1146 583 1223 626 suae

134 666 291 732 rtitudinis
322 689 474 732 numeros
506 668 651 753 implere.
705 668 826 745 Quodsi
857 672 971 733 contra
1001 668 1062 733 hos
1095 689 1223 753 quoque

134 796 152 838 n
187 774 313 839 videtur
345 774 476 860 gravius
509 778 542 838 et
574 774 737 840 efficacius
770 775 833 841 diei
864 797 960 861 possa
997 796 1094 860 quam
1121 772 1222 840 Hum-

134 880 238 945 ldtiani
266 880 406 965 exempli
434 880 642 946 auctoritate:
671 886 781 947 tamen
804 881 886 948 hora
909 887 1030 963 monet,
1057 903 1098 947 ne
1122 882 1224 967 expli·

134 987 183 1051 ius
220 1009 305 1053 nunc
339 991 538 1072 pertractato
575 1009 613 1052 eo
645 988 729 1071 loco,
767 988 823 1072 qui
853 992 944 1073 patet
975 987 1132 1053 latissime
1164 1010 1224 1055 nec

134 1098 188 1159 test
205 1094 318 1180 paucis
338 1094 574 1179 comprehendi,
597 1098 713 1177 vestra,
738 1094 910 1177 auditores,
932 1094 1091 1180 patientia
1109 1094 1223 1160 abuta-

134 1223 162 1266 ιτ.
204 1201 319 1286 Itaque
340 1202 375 1267 in
395 1201 493 1266 aliam
515 1200 794 1286 opportunitatem
816 1200 877 1266 boc
898 1205 949 1266 sat
976 1201 1069 1287 gravi
1096 1201 1223 1268 dicendi

134 1311 271 1393 {umento
303 1307 404 1373 dilato
433 1330 471 1374 eo
498 1310 565 1374 iam
597 1306 795 1372 redeundum
829 1311 890 1391 est,
923 1309 1020 1393 unde,
1050 1313 1089 1374 ut
1118 1331 1223 1375 rever·

134 1419 209 1499 etur,
231 1415 362 1479 deflexit
381 1415 496 1500 oratio,
519 1415 559 1480 ad
579 1414 799 1479 Furnumcvu
819 1413 1031 1481 Gv1namrvu
1050 1414 1109 1500 Ill,
1132 1416 1222 1482 cuius

134 1522 240 1604 pientia
271 1521 409 1604 factum,
445 1529 483 1588 ut
514 1522 597 1586 tanti
634 1526 765 1605 tamne
794 1544 813 1585 a
840 1520 1071 1606 praeiudicatis
1098 1524 1220 1609 opinio-

134 1650 174 1692 »us
197 1628 291 1692 liberi
319 1628 368 1692 vir
394 1627 529 1712 ingenii,
562 1626 690 1711 qualem
718 1625 930 1691 Gvrnmnvsr
960 1624 1222 1695 Hvsraonurrvsr

134 1757 284 1818 reramur,
312 1757 350 1801 eo
374 1735 408 1799 in
430 1734 502 1800 loco
526 1733 753 1817 collocaretur,
782 1734 816 1798 in
840 1756 903 1817 quo
928 1732 1081 1819 quamdiu
1104 1737 1222 1800 consti·

134 1863 170 1906 us
192 1845 272 1924 erat,
295 1842 367 1927 pari
391 1846 423 1906 et
446 1841 566 1906 litteris
590 1844 623 1905 et
645 1839 845 1924 reipublicae
868 1861 940 1905 cum
959 1840 1129 1906 commodo
1152 1846 1223 1907 tum

134 1952 271 2013 amento
301 1949 372 2014 fuit
413 1945 481 2013 Nec
504 1952 637 2033 propter
660 1947 747 2012 illius
771 1947 953 2012 ubertatem
976 1950 1105 2013 tantum
1129 1970 1223 2035 argu·

134 2056 193 2139 nti,
221 2078 320 2141 quam
348 2078 415 2122 non
442 2077 557 2140 capere
584 2054 683 2120 horae
711 2054 806 2119 huius
835 2053 1004 2139 augustias
1028 2054 1222 2138 significari·

134 2185 160 2246 s,
181 2163 235 2228 hio
258 2161 498 2228 subsistendum
523 2161 754 2247 intellegimus,
777 2160 834 2225 sed
858 2160 957 2225 etiam
980 2159 1066 2245 qnod
1088 2165 1222 2246 restant,

134 2290 160 2334 re
183 2291 257 2334 cum
280 2267 434 2334 Eiusdem
457 2266 557 2352 Regis
579 2265 674 2331 Illius
704 2265 901 2332 liberalitate
929 2271 1005 2331 sunt
1029 2267 1221 2333 coniunctis·

134 2397 168 2440 a
215 2375 394 2441 Dicendum
426 2373 513 2438 enim
546 2372 585 2438 de
617 2373 658 2438 iis
691 2377 742 2438 est
773 2372 1018 2458 certaminibus,
1050 2396 1134 2459 quse
1163 2374 1222 2441 llle

134 2481 238 2567 gulari
275 2481 448 2547 clementia
480 2503 500 2545 a
532 2502 565 2545 se
598 2480 752 2546 instituta
788 2502 860 2545 eum
893 2480 1076 2546 studiorum
1109 2481 1221 2548 incita-

134 2592 189 2653 uto
219 2609 288 2653 esse
316 2592 385 2652 tum
414 2586 634 2652 liberaliorem
663 2587 845 2651 litterarum
874 2587 1105 2654 tractationem
1135 2590 1222 2654 alere

134 2695 242 2760 >rimis
266 2694 378 2759 voluit.
403 2730 443 2741 -
470 2732 512 2739 -
540 2731 576 2739 —

633 3048 661 3112 6.

134 3193 214 3258 atio
239 3193 281 3256 de
306 3191 528 3255 muneribus
548 3188 825 3255 universitatis
845 3195 1066 3259 curatorum
1087 3199 1126 3258 et
1143 3217 1221 3259 rec-

134 3322 208 3365 rum
238 3299 359 3382 deque
388 3297 578 3362 libertate
607 3295 825 3361 academica
852 3298 896 3361 ad
922 3303 1161 3364 rectoratum
1185 3301 1222 3365 in

134 3405 339 3471 irensitate
375 3402 590 3469 Fridericia
628 3402 839 3469 Guilelmia
875 3403 1060 3472 Ithenana
1102 3409 1222 3473 susci·

144 3511 327 3600 piendum
350 3511 410 3576 die
433 3509 545 3574 XVIII
569 3532 610 3574 m.
634 3508 818 3574 Octobris
842 3532 868 3574 a
897 3511 981 3575 1846
1005 3511 1150 3579 habita

165 3653 359 3736 Audivistis,
376 3652 541 3718 auditores
558 3675 616 3717 suo
632 3651 766 3737 quisque
782 3651 853 3716 loco
868 3653 1113 3737 spectatissimi,
1132 3677 1224 3740 quae,

134 3763 188 3828 dia
203 3767 238 3826 et
252 3764 374 3844 quanta
389 3759 462 3843 sint,
482 3781 563 3844 quae
580 3781 652 3824 cum
667 3779 728 3844 ego
742 3782 827 3825 nune
846 3760 879 3824 in
899 3783 949 3825 me
969 3761 1145 3846 receperim
1164 3784 1223 3847 pro

134 3869 164 3934 ‚li
182 3871 279 3953 parte
298 3868 478 3932 accuranda
497 3872 531 3931 et
549 3865 617 3933 Deo
637 3866 769 3951 Optimo
788 3866 931 3932 Maximo
952 3874 1113 3933 aunuente
1133 3891 1223 3954 prse-

134 3976 202 4059 sda,
216 3979 286 4039 tum
302 3974 475 4040 coniuncta
489 3996 559 4038 esse
575 3996 646 4038 cum
662 3996 793 4038 munere
805 3974 953 4040 Rectoris
968 3976 1142 4041 academici
1158 3999 1223 4040 ma·

134 4106 162 4149 as
176 4081 361 4147 voluerunt.
383 4080 473 4158 Quae
492 4103 557 4146 non
572 4082 669 4146 mirer
684 4081 711 4146 si
726 4081 798 4166 quis
818 4083 1013 4165 comparatis
1033 4081 1223 4168 praeterito

134 4213 147 4255 1
165 4211 242 4254 cum
265 4188 484 4272 praesentium
504 4191 685 4272 temporum
706 4189 888 4253 rationibus
910 4188 996 4254 haud
1017 4189 1128 4274 paullo
1151 4210 1223 4276 gra-

134 4318 168 4362 ra
185 4299 285 4380 atque
308 4293 523 4360 luculentiora
546 4316 616 4358 esse
641 4295 769 4376 sentiat,
793 4317 890 4379 quam
914 4297 1033 4380 quibus
1058 4296 1224 4381 explendis

134 4402 255 4469 liarnae
277 4402 420 4466 tenuitas
443 4401 640 4467 condicionis
663 4423 723 4488 par
746 4402 797 4466 sit
835 4401 960 4488 Quippe
984 4425 1057 4468 cum
1080 4404 1225 4490 ipsamm
