2836 5034
428 352 692 403 amnnuours
714 352 922 405 rnnvrruau.
1084 412 1089 421 ,
1189 336 1253 405 361

142 496 226 578 assit,
254 496 312 563 ssd
341 496 489 563 substitit
515 498 549 562 iu
576 496 697 582 bouu’s,
726 487 862 565 iimsli's:
893 496 982 565 ultra
1011 518 1186 585 progrsm
1206 502 1259 565 ost

143 604 237 689 uasa
255 604 313 671 ssd
334 606 420 671 raris
443 606 599 691 exemplis
621 627 683 671 nso
705 627 832 691 sempor
852 604 1057 673 dubitatione
1075 605 1197 693 saonis,
1217 608 1322 673 utcu

144 716 189 779 nst
206 711 340 779 samios
366 734 427 799 pro
454 733 504 780 ras
529 718 582 779 ast.
630 712 702 790 Quo
730 716 843 779 tamen
869 712 1056 799 religiosius
1082 712 1164 779 tulis
1190 734 1257 779 sor·

146 818 222 885 mla
242 819 373 886 inerunt
399 819 494 905 quala
525 823 577 886 est
603 819 638 885 in
664 819 697 885 A
725 824 851 886 exstars
880 819 987 885 risum
1010 843 1039 885 r.
1062 819 1127 887 537
1157 825 1195 887 st
1215 822 1260 887 ad

145 922 238 993 suus
255 925 446 1013 reductam:
468 948 546 993 nam
569 927 630 991 atsi
652 926 806 993 usitatius
829 948 907 993 sane
929 926 1114 1012 praedicato
1135 927 1171 994 in
1192 928 1258 995 iius
1379 924 1388 939 ‘

145 1033 270 1101 anua
296 1033 406 1119 posito
432 1037 478 1099 tot
503 1032 670 1119 sdhaaret,
701 1038 813 1101 tamen
838 1056 906 1101 non
934 1057 1010 1102 raro
1032 1034 1139 1101 otiam
1168 1032 1259 1101 aliud

142 1136 245 1223 obruit
288 1140 392 1207 Velut
413 1140 622 1237 Ambrosisni
650 1141 844 1207 auotoritats
866 1164 896 1207 v.
919 1140 986 1207 563
1008 1142 1158 1207 firmatur
1182 1141 1260 1224 quid

138 1238 230 1315 &aa
253 1248 371 1315 locarius
397 1252 494 1315 oum
515 1270 576 1334 pro
601 1250 680 1331 arsid
703 1248 754 1315 bio
780 1249 910 1315 lacuum
936 1253 1033 1315 mum
1055 1246 1108 1335 (ut
1129 1250 1271 1333 musal*

138 1354 247 1421 dudi
267 1377 329 1440 pro
352 1360 470 1439 tommo
490 1356 655 1423 admndist
676 1378 705 1422 v.
727 1355 823 1441 432);
850 1356 880 1423 oi
905 1360 950 1423 est
977 1356 1137 1423 murum
1159 1355 1258 1423 libro·

136 1459 241 1549 u”)
263 1462 404 1549 vestigia
424 1466 558 1529 tuentur
580 1485 609 1528 r.
632 1462 711 1550 9463
738 1464 824 1529 sotis
846 1462 906 1529 ts’s
927 1483 1025 1531 sauro
1047 1462 1089 1529 ad
1111 1462 1259 1531 oodioum

134 1562 211 1637 flou
233 1570 282 1652 fut
307 1569 399 1651 istus
416 1570 512 1653 sunau
538 1592 568 1637 s.
591 1570 658 1637 454
679 1570 813 1655 propius
836 1570 984 1657 profacto
1005 1570 1131 1638 sooadit
1152 1593 1260 1659 quana,

134 1676 202 1763 {ud
221 1699 292 1744 ossa
314 1676 473 1744 usitatum
496 1676 576 1763 saio,
603 1678 689 1744 sotis
711 1683 745 1743 tu
766 1677 874 1745 auus's
896 1676 957 1760 [sio
979 1676 1086 1745 'Prin'
1107 1700 1181 1745 oum
1202 1679 1260 1761 Al.

134 1772 226 1865 bs.
247 1783 314 1850 365
344 1782 429 1849 nihil
461 1784 610 1869 intorsst,
642 1784 742 1851 msdto
768 1786 797 1851 ei
824 1804 918 1869 opero
943 1790 1034 1869 opust
1064 1786 1189 1855 scribas
1216 1808 1260 1853 an

134 1890 214 1959 suu
234 1893 264 1957 ei
285 1895 408 1975 operosi
428 1910 518 1975 opus,
541 1913 740 1979 quamquam
762 1890 825 1959 hoo
847 1912 918 1958 asso
940 1892 1054 1959 durius
1076 1894 1179 1981 sansi3
1201 1916 1261 1961 nso

134 2020 151 2067 r.
168 1999 231 2065 329
253 2020 320 2066 non
342 1998 451 2083 potuit
473 2018 561 2065 omno
581 2003 686 2065 usuam
709 2004 839 2065 omissi
860 2005 950 2065 mum
970 2000 1052 2086 diui,
1075 2000 1138 2069 atsi
1160 2024 1182 2068 s
1202 2024 1261 2069 nu·

134 2126 276 2195 prorum
290 2105 326 2171 in
344 2105 453 2191 priore
466 2128 579 2173 sersus
597 2110 690 2192 parts
709 2108 873 2194 elegantia
889 2110 1037 2193 praestat
1054 2128 1144 2175 omns
1159 2130 1262 2177 mm

134 2198 139 2223 ²
238 2218 362 2279 numu.
385 2250 430 2263 -
452 2211 669 2281 coniunctum
698 2219 749 2280 est
776 2219 886 2281 autam
913 2214 976 2283 lroo
1001 2236 1106 2303 genus
1132 2215 1262 2283 univor-

212 2343 288 2389 oum
314 2321 515 2407 syntaotioss
541 2320 680 2390 rationis
708 2321 950 2407 observatione,
981 2344 1065 2409 quaa
1090 2322 1125 2389 in
1154 2344 1261 2391 amon·

176 2428 184 2443 ’
226 2452 245 2497 s
266 2428 380 2496 Plauti
406 2428 540 2497 maximi
567 2434 617 2495 est
644 2430 810 2498 momenti.
853 2430 940 2497 Nam
967 2454 1032 2518 quo
1059 2431 1089 2498 is
1115 2452 1264 2500 sarmous

162 2536 169 2551 '
201 2562 218 2603 r
241 2538 283 2603 ad
307 2539 392 2603 vitae
416 2560 512 2604 usum
535 2559 739 2603 communem
759 2537 949 2622 composito,
972 2538 1013 2602 ab
1038 2562 1076 2604 eo
1100 2542 1133 2605 et
1155 2544 1209 2605 est
1231 2543 1264 2604 at

176 2646 262 2710 serbi
292 2647 516 2730 omissionem,
546 2668 619 2711 oum
648 2668 667 2709 a
695 2646 801 2729 poetis
830 2651 899 2710 tum
924 2668 943 2709 a
966 2646 1178 2730 scriptoribus
1201 2646 1262 2710 fre·

199 2758 316 2834 iatam,
341 2753 505 2817 sciendum
530 2758 580 2817 est
603 2752 736 2817 omuino
760 2774 830 2817 esse
850 2753 988 2818 alienam
1009 2774 1066 2817 uec
1085 2754 1148 2818 uisi
1167 2754 1263 2819 raris·

152 2848 189 2873 '¹
232 2859 479 2924 condicionibus
508 2860 764 2945 probatam.***)
811 2860 855 2924 Et
879 2860 1014 2925 alterius
1037 2860 1167 2945 quidam
1190 2882 1261 2944 par·

134 2956 211 3033 she
230 2967 380 3051 exempla
398 2967 566 3051 negotium
586 2988 744 3050 nusquam
764 2966 938 3050 facessunt,
961 2973 998 3032 ut
1017 2968 1135 3052 quibus
1154 2967 1262 3053 exigui

134 3062 225 3139 troili
252 3074 434 3138 adiectione
462 3095 493 3139 es
520 3073 638 3158 ubique
665 3074 755 3138 nulla
784 3097 883 3158 opera
906 3075 1104 3141 restituatur.
1149 3074 1263 3159 Nequo

134 3180 200 3246 him
229 3180 394 3265 audiendi,
422 3181 450 3245 si
478 3181 534 3265 qui
562 3204 634 3246 oum
659 3180 794 3265 Bothio,
823 3183 872 3247 cui
897 3180 1045 3247 Donatus
1069 3182 1207 3265 praeivit
1230 3183 1262 3246 in

134 3288 214 3354 mdr.
232 3287 293 3371 111,
316 3290 346 3372 2,
373 3290 421 3371 16,
445 3288 535 3352 velut
557 3289 636 3353 haee
660 3288 834 3353 defendant
857 3290 891 3353 in
916 3289 977 3354 hau
1000 3289 1124 3355 fabula:
1153 3289 1265 3354 lubus

134 3396 282 3460 taurula
304 3417 362 3479 pro
386 3395 504 3460 noctu's
527 3418 554 3459 v.
579 3395 631 3477 63,
655 3401 716 3459 licto
739 3396 946 3477 obiuuuoudus
969 3398 1021 3477 96,
1043 3397 1196 3478 numquid
1217 3417 1264 3460 ors

134 3508 281 3587 naturus
312 3502 387 3579 198,
414 3503 443 3566 si
466 3552 472 3565 .
498 3553 504 3565 .
529 3555 535 3567 .
560 3507 593 3566 lu
620 3501 691 3566 laissa
718 3503 860 3568 obiturus
885 3505 962 3585 714,
992 3504 1056 3567 ium
1082 3524 1263 3572 recommen-

134 3615 195 3676 uus
219 3609 302 3687 912,
329 3609 411 3690 quod
437 3613 464 3672 te
490 3610 636 3690 uooqmso
660 3610 766 3689 sossio
789 3611 864 3692 969,
889 3615 959 3692 post
982 3610 1139 3689 trifarius
1162 3613 1262 3679 Glor-

134 3720 209 3784 u'des
237 3715 320 3799 975,
352 3721 388 3779 ut
416 3715 626 3780 charmidatus
654 3716 728 3800 977,
761 3739 843 3781 susino
871 3720 897 3781 is
924 3718 1026 3799 fuctus
1054 3716 1128 3801 980,
1159 3719 1264 3800 fassus
1278 3754 1317 3792 vx

134 3824 319 3893 lamudam
337 3823 452 3888 &druse
470 3824 545 3907 982,
567 3825 642 3905 quia
659 3845 821 3907 perpessus
844 3827 936 3889 1165.
974 3824 1036 3890 Sed
1055 3848 1095 3889 ne
1114 3826 1147 3889 in
1166 3827 1265 3890 tortia

134 3936 243 4003 uidem
265 3952 406 4015 persona
428 3931 559 3997 maioris
582 3932 632 3997 vol
657 3932 777 3997 laboris
800 3932 851 3996 vol
875 3933 1027 3997 audaciae
1052 3936 1121 3997 orat
1143 3933 1264 3997 totiens

197 4136 227 4197 *)
249 4126 301 4196 [ud
322 4126 425 4180 inuitos
447 4126 584 4180 reducturi
607 4125 711 4193 Triu.²‚
734 4128 767 4179 ut
788 4125 906 4181 Poenuli
925 4125 971 4192 IV,
991 4132 1017 4194 9,
1035 4132 1082 4193 853
1107 4125 1143 4181 ol.
1163 4126 1264 4195 Opuso.

135 4219 242 4377 ¹¹⁸3:
259 4234 296 4375 [liri
310 4215 493 4358 ⁶:2ka
516 4303 652 4371 praebent
676 4303 752 4358 libri:
779 4304 866 4374 ‘quod
890 4305 985 4374 potest
1003 4304 1039 4359 ad
1058 4306 1084 4359 ri
1102 4304 1265 4359 molestumst

134 4395 267 4459 entare)
288 4391 394 4461 Trin.³]

154 4489 230 4555 Μ’)
251 4482 308 4553 [Cf.
327 4481 428 4552 Opnso.
448 4480 517 4551 phil.
538 4481 562 4534 ll
581 4498 608 4550 p.
628 4488 757 4550 608⁸qu
775 4481 866 4552 alibi]
