2836 5034
398 352 662 400 nnnrnsmoma
687 353 894 402 ensvrmsa.
1152 338 1218 405 373

122 493 175 560 cllo
189 495 306 581 qnidam
332 495 382 561 vel
405 496 521 561 nullos.
553 495 659 560 Multo
682 496 789 562 minus
813 497 888 562 lieet
911 498 953 563 ab
976 498 1039 564 isse
1056 498 1218 582 proficisci

122 600 142 665 sl
153 604 230 688 piace,
251 605 356 682 inlesit,
378 605 497 670 deesse
519 602 734 688 defendenda,
757 608 814 669 aut
837 604 918 670 adeo
940 604 979 669 de
1003 605 1160 689 correptis
1181 606 1217 688 ff,

122 729 165 789 so,
181 731 231 793 nn,
246 731 301 794 pp,
323 732 368 790 rr,
392 711 556 776 alitteris
579 711 724 797 cogitare
748 709 827 794 (nisi
851 711 936 795 quod
961 716 994 775 ct
1017 712 1217 797 singularem

122 819 133 879 t
151 820 336 882 constantem
364 817 524 883 rationem
553 840 622 882 esse
646 818 791 901 Philippi
814 817 865 883 vel
889 817 1053 901 Phtsppa
1075 819 1216 885 nominis

122 922 228 1009 onstat):
265 925 415 1009 quamvis
443 924 557 990 talium
585 923 674 988 ferax
704 923 893 989 Schneideri
919 947 949 1008 p.
974 924 1038 990 736
1053 911 1121 1010 sepq.
1144 925 1216 992 doc·

122 1030 168 1095 rina
186 1032 333 1116 evaserit,
356 1036 392 1097 ut
414 1033 547 1097 inantus
564 1031 713 1096 irroboai
730 1034 856 1096 isinana
874 1032 983 1113 affinis
1005 1031 1119 1096 formis
1142 1054 1216 1116 pro·

122 1138 172 1222 stis,
191 1138 363 1223 deditaque
387 1137 466 1202 adeo
492 1159 590 1222 opera
612 1141 727 1220 capillo
744 1137 991 1222 Kampmannus
1010 1138 1049 1202 de
1068 1139 1133 1203 reb.
1148 1139 1215 1204 mil.

122 1243 133 1308 l.
149 1268 175 1329 p.
191 1245 234 1310 36
263 1245 441 1310 defenderit
464 1245 497 1309 in
521 1267 559 1309 eo
583 1266 677 1310 versu
699 1244 834 1330 (Persae
856 1243 881 1329 1,
904 1247 930 1329 1,
949 1242 1020 1331 25),
1044 1247 1094 1311 cui
1119 1247 1213 1311 unius

122 1353 218 1419 llabae
243 1354 497 1439 transpositione
521 1353 608 1418 iusta
631 1374 781 1417 mensura
805 1353 1009 1418 restituatur:

203 1531 333 1618 Sagitta
361 1554 417 1598 cor
444 1530 569 1616 Cupido
598 1554 703 1597 meum
732 1530 906 1596 transfixit.
953 1530 1023 1596 Iam
1051 1532 1137 1597 sorni
1160 1530 1328 1599 hiocxxrv

922 1639 1057 1704 amant?

122 1842 265 1905 amquam
289 1821 417 1885 facilius
441 1819 539 1885 etiam
565 1824 598 1884 et
621 1819 748 1884 numeri
771 1822 804 1884 et
827 1840 933 1883 sermo
957 1817 1004 1882 sio
1022 1818 1213 1902 procedant:

122 1929 191 2010 pitia
213 1927 292 1992 milri
315 1926 433 2009 Crepido
456 1948 509 1992 cor
531 1927 702 2008 transfixit.
739 1926 828 2011 Ergo
851 1926 953 2011 igitur
976 1925 1045 1990 sine
1069 1926 1136 1990 ulla
1159 1926 1213 1992 du·

122 2034 229 2100 tatione
261 2033 505 2119 transponenda
537 2037 631 2098 erant
664 2056 691 2098 v.
715 2034 781 2099 385
812 2034 866 2098 scil
895 2033 972 2097 ridde
1002 2033 1046 2097 ad
1072 2032 1212 2117 telomf)

122 2142 330 2226 nequicquam
354 2140 507 2226 praesidii
537 2162 574 2204 ex
605 2141 704 2205 ionem
727 2139 827 2204 habet
851 2138 968 2205 vitiosa
991 2139 1144 2223 prosodia
1166 2141 1212 2205 ἄσ-

122 2248 173 2313 mbc
193 2248 343 2326 iccassm,
376 2249 426 2313 vel
456 2271 485 2313 v.
509 2248 574 2312 964
598 2248 679 2331 puo'd
699 2246 918 2334 nepem,
950 2246 984 2309 in
1005 2248 1088 2329 quod
1109 2252 1143 2310 tu
1164 2268 1212 2312 ao

122 2357 162 2421 st
181 2369 201 2421 a'
218 2356 315 2422 nobis
335 2360 498 2422 mutatum
518 2357 588 2441 ipso
603 2355 821 2421 Ambrosiano
844 2354 934 2438 duce,
957 2375 1052 2438 quem
1076 2353 1154 2418 alibi
1178 2358 1212 2417 ta

122 2462 152 2525 cli
165 2484 221 2545 pro
236 2464 345 2528 daos
359 2466 524 2546 praestare
539 2485 569 2545 p.
580 2480 662 2526 nxlv
679 2462 771 2542 [323]
786 2461 934 2526 vidimus.
959 2460 1091 2525 Praeter
1105 2462 1213 2525 cetera

122 2571 247 2652 nparari
273 2592 367 2651 posse
393 2592 464 2634 cnm
489 2573 588 2633 escoron
613 2568 737 2632 videtur
761 2573 944 2651 correptum
974 2570 1008 2631 irs
1030 2568 1143 2632 boccello
1166 2569 1211 2630 io-

122 2675 197 2740 iisv.
223 2680 287 2740 filil
312 2685 344 2740 et
368 2678 449 2741 ne'lu'l
472 2699 522 2758 epo
546 2680 580 2739 in
603 2677 713 2739 occ-ullo
737 2675 824 2756 cipere
846 2677 924 2739 solco
949 2699 976 2738 v.
1003 2677 1080 2757 712,
1104 2675 1160 2738 sed
1184 2675 1210 2737 si

122 2781 149 2844 il
170 2784 259 2846 video
280 2783 406 2847 videtur
426 2789 562 2846 torrium.
598 2783 670 2845 Non
694 2783 779 2864 quod
803 2782 946 2845 tollenda
970 2805 1040 2846 esse
1065 2782 1210 2864 exempla

122 2890 178 2954 ilem
204 2889 366 2974 (quamvis
395 2890 482 2953 facili
511 2891 643 2974 negotio
668 2891 699 2953 in
724 2890 853 2953 illorum
879 2890 1056 2971 posteriore
1080 2888 1209 2971 epo***)

122 2992 239 3082 leatur):
274 2998 329 3062 sed
358 2997 457 3081 (pund,
489 2998 552 3060 nisi
581 3019 652 3060 mea
682 3019 732 3060 me
761 2998 944 3060 coniectura
974 2996 1071 3077 fallit,
1104 2996 1209 3078 ipsam

126 3104 211 3170 ullus
233 3106 374 3170 formam
399 3104 536 3186 simplici
560 3126 576 3168 e
599 3105 708 3168 littera
732 3110 764 3167 et
788 3105 1030 3188 pronuntiatam
1055 3108 1088 3166 et
1111 3103 1209 3184 scrip·

122 3228 143 3271 m
162 3214 337 3296 antiquitas
360 3213 521 3296 probavit,
546 3210 815 3294 quemadmodum
840 3211 872 3273 in
897 3212 1017 3292 apoire
1040 3214 1073 3274 et
1096 3212 1210 3290 operire

123 3316 190 3399 rtis,
212 3341 295 3403 quae
319 3342 388 3382 esse
413 3319 594 3400 composita
617 3319 688 3400 ipsa
712 3318 879 3381 notionum
903 3319 1064 3401 oppositio
1089 3318 1210 3399 doceat,

122 3444 152 3486 m
176 3428 292 3490 extrita
320 3431 369 3490 est
398 3448 462 3489 una
491 3425 607 3488 littera.
655 3428 742 3500 Quae
771 3425 954 3487 coniectura
983 3426 1123 3507 primum
1148 3423 1208 3486 De·

122 3532 186 3594 rati
206 3533 365 3614 scriptura
386 3532 630 3596 commendatur
650 3536 786 3614 utroque
801 3531 980 3595 'Frinummi
1000 3553 1093 3594 vorsu
1112 3531 1208 3594 ortelle

122 3632 269 3722 bibentis,
311 3642 413 3704 multo
458 3645 566 3702 autem
609 3640 727 3702 certius
765 3660 802 3702 eo
841 3640 1005 3720 firmatur,
1048 3637 1131 3721 quod
1169 3656 1208 3700 ΙΝ

122 3792 278 3807 ““,-

177 3903 199 3971 ‘i
219 3901 272 3974 [cf.
291 3906 385 3959 annot.
405 3902 434 3956 in
454 3903 495 3956 ed.
516 3903 578 3973 alt]

164 4008 198 4079 ⁸³)
218 4011 314 4082 [‘qu‹id
329 4008 458 4079 occepisti
476 4011 653 4065 tolerandum
673 4028 733 4065 esse
753 4011 809 4065 iam
828 4013 888 4064 tum
908 4010 1033 4064 intellexi
1048 4027 1110 4064 enm
1126 4009 1208 4065 Most.

122 4094 138 4141 lt
156 4099 193 4166 ripe
215 4099 339 4154 <accurabo
362 4101 447 4166 atque
472 4097 529 4153 alia
552 4098 630 4156 alibi,
645 4098 747 4152 similia
770 4099 877 4153 intacta
896 4099 1020 4166 reliqni’
1042 4099 1131 4154 Trin.'²
1168 4100 1208 4153 De

122 4189 186 4248 lepti
203 4188 290 4242 forma
308 4187 488 4258 improbabili
508 4188 541 4242 cf.
562 4187 635 4241 inira
654 4207 680 4256 p.
701 4189 811 4258 ccxvi]

153 4288 198 4363 m)
222 4296 323 4366 [Versu
348 4302 399 4349 712
428 4298 555 4364 correpto
579 4295 819 4363 antepaenultima
846 4314 881 4349 ne
909 4312 976 4364 opus
1006 4296 1118 4365 quidem
1148 4312 1207 4349 esse

122 4372 185 4435 *llum
202 4383 292 4440 deleta
310 4401 357 4453 epo
375 4388 453 4451 voce)
478 4384 647 4438 llitschclius
671 4383 699 4436 in
719 4384 761 4440 ed.
782 4384 831 4439 alt.
851 4388 958 4451 monet,
978 4384 1001 4437 si
1020 4383 1145 4437 ltcizium
1166 4399 1207 4436 sc-

122 4470 165 4519 flare
179 4473 213 4528 sic
230 4474 407 4528 metientem:
427 4474 480 4526 Nil
498 4489 544 4541 epo
564 4474 593 4526 in
613 4474 736 4543 rivoalto]
