2836 5034
464 343 697 392 nrrnmrscnu
722 344 849 391 anons.
1160 328 1223 392 647

124 487 237 571 ndicio,
261 489 316 572 qui
337 492 505 572 tamquam
524 487 669 572 legitime
687 488 881 553 constitutus
901 487 1051 554 laudator
1070 487 1227 571 temporis

124 597 152 660 ti
174 594 317 680 prodeat.
349 595 429 671 Quis
452 599 503 660 est
525 596 611 660 enim
635 598 788 678 vestrum,
811 595 890 679 quin
913 594 1078 661 lubentius
1102 595 1136 659 in
1159 595 1226 659 eins

124 703 225 786 lagine
243 702 344 788 Regis
368 703 479 768 oculos
503 703 658 784 defixerit,
681 724 745 787 quo
764 702 848 786 vivo,
872 724 935 788 quo
959 707 1137 787 praesente,
1161 723 1227 787 quo

124 812 213 892 gente
236 810 406 893 laetamur,
430 810 480 874 eui
504 811 670 893 praeclara
692 810 855 894 debemus,
878 831 979 897 aquo
999 811 1225 896 praeclariora,

124 915 268 981 reraliora
291 922 530 1002 exspectamus:
559 917 688 1002 quando
712 941 750 983 ea
773 924 824 985 est
847 938 1077 1003 generosorum
1100 918 1226 984 indoles

124 1021 280 1107 imorum,
304 1028 430 1089 utnon
452 1025 581 1109 possint
603 1025 638 1089 in
660 1025 767 1090 media
790 1026 844 1090 via
867 1026 1059 1107 subsistere,
1082 1024 1139 1090 sed
1162 1046 1226 1111 quo

124 1131 277 1196 solentius
306 1132 411 1197 exorsi
440 1131 518 1213 sint,
547 1154 584 1196 eo
608 1132 836 1216 gloriosiorem
859 1131 900 1197 ad
923 1133 1020 1198 finem
1042 1133 1144 1217 ipsius
1167 1154 1222 1197 na·

124 1257 176 1301 rae
201 1239 394 1302 necessitate
423 1238 562 1322 quadam
592 1243 737 1322 pergant
784 1238 926 1304 Tantum
956 1240 991 1304 in
1020 1239 1082 1304 hoc
1109 1259 1226 1324 genere

124 1341 171 1408 let
197 1345 394 1429 exspectatio
423 1345 535 1410 futuri.
586 1344 742 1421 Quocirca
769 1367 833 1410 non
864 1349 914 1410 est
940 1347 1075 1430 mirum,
1108 1345 1225 1431 quibus

124 1454 256 1519 lotannis
280 1454 439 1520 orandum
463 1458 513 1519 est
535 1453 646 1519 Idibus
662 1453 866 1537 Octobribus,
889 1454 930 1519 iis
954 1457 1131 1538 paratum
1154 1474 1225 1518 esse

124 1558 284 1626 dientium
307 1561 470 1644 plausum:
505 1566 539 1625 at
566 1561 662 1625 nobis
690 1559 917 1644 parandum,
950 1565 985 1626 at
1008 1559 1103 1626 nobis
1127 1581 1224 1645 quae·

124 1667 216 1732 odam
240 1667 509 1751 approbationem
529 1671 670 1732 vestram
690 1666 948 1752 captandamque
967 1666 1225 1734 benevolentiam

124 1793 162 1839 se.
207 1772 271 1838 Sed
299 1775 386 1839 aliud
414 1773 565 1858 quiddam
595 1775 719 1839 accedit
747 1775 843 1858 longe
871 1773 971 1839 etiam
994 1774 1138 1861 gravius,
1170 1796 1226 1839 our

124 1902 148 1945 ln
173 1884 303 1947 tantum
332 1882 473 1947 immune
502 1882 547 1945 sit
573 1881 699 1947 facinus
729 1880 780 1966 (ut
803 1903 876 1946 cum
899 1881 1014 1965 priscis
1037 1880 1225 1947 hominibus

124 1988 218 2075 suar),
242 1989 297 2053 sed
321 1990 421 2053 etiam
445 1989 606 2054 lubricum
630 1994 663 2053 et
681 1989 915 2074 propemodum
936 1987 1072 2053 dixerim
1089 1987 1225 2054 invidio·

124 2117 167 2179 m,
193 2096 325 2161 laudare
348 2116 460 2180 regem
484 2095 685 2179 defunctum,
708 2096 798 2160 euius
823 2097 850 2161 is
874 2096 919 2161 sit
940 2096 1027 2161 filius
1051 2099 1227 2180 superstes,

124 2202 138 2266 i
160 2224 233 2267 cum
257 2202 370 2268 multis
394 2203 540 2268 videatur
559 2240 601 2249 —
622 2203 733 2288 quidni
756 2203 842 2267 enim
866 2203 966 2268 libere
989 2202 1164 2287 profitear?
1184 2240 1222 2249 -

125 2312 250 2375 ternam
275 2310 414 2395 gloriam
437 2333 504 2376 non
528 2310 680 2395 ambigue
703 2311 887 2394 obscurare,
910 2314 979 2374 tum
1004 2309 1225 2375 diversissima

124 2438 157 2481 ne
180 2416 290 2483 indole
313 2417 562 2501 praeditusest.
595 2417 709 2501 Itaque
728 2439 800 2481 cum
820 2417 904 2483 aliae
923 2421 1013 2482 etex
1036 2421 1130 2500 parte
1153 2437 1225 2481 eon·

124 2525 198 2590 iriae
228 2526 260 2589 in
289 2530 427 2609 utroque
457 2526 594 2589 virtutes
623 2523 799 2606 emineant,
831 2544 938 2588 nonne
966 2522 1138 2587 verendum
1166 2526 1225 2606 est,

143 2632 227 2716 quod
256 2634 290 2696 in
314 2632 372 2696 illo
398 2631 525 2715 laudes,
557 2630 688 2694 videare
711 2631 742 2694 in
768 2630 830 2695 hoc
853 2630 1047 2713 desiderare,
1080 2630 1165 2713 quod
1188 2631 1222 2694 in

124 2738 207 2800 ovel
235 2738 373 2801 maxime
403 2738 536 2822 probes,
559 2736 790 2821 propemodum
814 2737 997 2820 improbare
1020 2737 1054 2801 in
1078 2737 1149 2820 hoo,
1174 2740 1220 2801 at·

124 2864 143 2906 e
168 2843 215 2907 ita
238 2843 276 2907 de
301 2843 411 2908 debita
435 2844 526 2908 Patri
550 2843 680 2908 Patriae
704 2843 886 2907 reverentia
908 2843 1029 2927 aliquid
1053 2843 1222 2907 detrahere

124 2952 330 3016 reverentius?
377 2951 514 3016 Possum
544 2973 620 3015 sane
651 2951 785 3033 videri,
818 2955 851 3014 et
874 2950 1008 3015 videbor
1031 2950 1169 3015 fortasse
1194 2950 1221 3014 si

124 3057 141 3120 ri
167 3059 361 3123 malitiosius
394 3059 575 3123 orationem
608 3080 713 3122 meam
749 3059 1015 3142 interpretentur:
1048 3058 1105 3122 sed
1136 3058 1222 3123 idem

124 3167 168 3229 ato
189 3166 401 3230 iudicantium
431 3171 464 3229 et
487 3166 556 3228 sinc
581 3165 753 3248 iniquitate
777 3165 1061 3249 interpretantium
1085 3165 1222 3230 benevo-

124 3269 180 3334 ntia
201 3272 281 3336 adeo
305 3271 444 3352 confido,
477 3276 514 3334 ut
537 3293 575 3334 ex
598 3291 635 3334 eo
660 3271 731 3354 ipso
757 3291 873 3354 genere
897 3271 1039 3354 reliquae
1064 3271 1221 3337 orationis

124 3392 172 3440 leae
193 3383 422 3463 argumentum
446 3381 555 3460 petere
578 3377 662 3460 apud
689 3399 738 3441 mc
762 3377 995 3442 constituerim.

172 3483 313 3549 Laudare
336 3486 370 3549 in
394 3484 588 3550 l'rrron‘mco
613 3485 800 3549 (rvrnnuuo
824 3483 871 3548 ΙΙΙ
897 3485 1122 3550 consuevimus
1146 3484 1221 3549 sim-

124 3580 256 3657 lieitatem
282 3615 440 3657 summam
465 3597 561 3676 atque
585 3592 835 3675 ingenuitatem,
858 3591 990 3656 laudare
1013 3592 1222 3657 consiliorum

124 3697 349 3764 asiderantiam
374 3704 407 3763 et
429 3697 765 3781 circumspicientiam,
789 3697 920 3760 laudare
943 3696 1060 3783 agendi
1084 3698 1220 3782 pruden-

124 3814 173 3885 lm,
193 3807 294 3870 animi
317 3806 548 3888 constantiam,
572 3806 657 3868 vitae
681 3805 905 3888 frugalitatem
924 3826 961 3869 ao
980 3805 1221 3887 parsimoniam,

124 3919 204 3974 nrum
227 3911 434 3993 modestiam,
463 3933 571 3974 rerum
594 3911 738 3974 omnium
763 3910 994 3974 continentiam
1019 3913 1117 3995 atque
1140 3915 1220 3974 tem-

126 4018 272 4082 rantiam:
296 4022 329 4088 et
351 4023 400 4081 est
423 4018 504 4082 haee
528 4019 673 4100 profecto
698 4018 768 4081 laus
792 4017 971 4081 iustissima
994 4023 1027 4082 et
1046 4017 1219 4101 plurimum

124 4112 200 4188 »bens
219 4123 476 4209 approbationis,
496 4130 593 4209 atque
614 4124 773 4206 imprimis
793 4147 866 4188 raro
886 4125 971 4188 inter
990 4146 1044 4188 eos
1064 4125 1220 4206 example,

124 4224 194 4295 ibus
220 4232 257 4296 in
285 4252 383 4295 manu
412 4235 566 4314 potestas.
613 4230 736 4306 Quodsi
764 4231 878 4295 iisdem
906 4232 1000 4297 nobis
1028 4254 1066 4295 ea
1095 4231 1218 4314 praedi-

124 4335 180 4401 nda
202 4342 286 4421 sunt,
310 4358 393 4422 quae
416 4337 451 4400 in
473 4338 703 4421 augustissimo
723 4338 791 4403 filio
811 4326 948 4402 maxime
968 4337 1163 4401 admiremur
1187 4342 1220 4402 et

124 4448 205 4510 aeter
227 4449 336 4510 cetera
360 4445 583 4529 suspiciamus,
607 4445 739 4528 numqui
763 4444 836 4509 illas
855 4444 1062 4527 potissimum
1083 4443 1219 4509 virtutes
