<?xml version="1.0" encoding="UTF-8"?>
<!DOCTYPE html PUBLIC "-//W3C//DTD XHTML 1.0 Transitional//EN"
    "http://www.w3.org/TR/xhtml1/DTD/xhtml1-transitional.dtd">
<html xmlns="http://www.w3.org/1999/xhtml" xml:lang="en" lang="en">
 <head>
  <title>
</title>
<meta http-equiv="Content-Type" content="text/html;charset=utf-8" />
  <meta name='ocr-system' content='tesseract 3.04.00' />
  <meta name='ocr-capabilities' content='ocr_page ocr_carea ocr_par ocr_line ocrx_word'/>
</head>
<body>
  <div class='ocr_page' id='page_1' title='image "./fridericiritsch00ritsgoog_0683.png"; bbox 0 0 2836 5034; ppageno 0'>
   <div class='ocr_carea' id='block_1_1' title="bbox 471 305 1231 389">
    <p class='ocr_par' dir='ltr' id='par_1_1' title="bbox 471 305 1231 389">
     <span class='ocr_line' id='line_1_1' title="bbox 471 305 1231 389; baseline -0.001 0"><span class='ocrx_word' id='word_1_1' title='bbox 471 341 704 389; x_wconf 74' lang='lat' dir='ltr'><strong>nrrnrmscua</strong></span> <span class='ocrx_word' id='word_1_2' title='bbox 729 341 856 388; x_wconf 80' lang='lat' dir='ltr'><strong>annau.</strong></span> <span class='ocrx_word' id='word_1_3' title='bbox 1169 305 1231 389; x_wconf 72' lang='lat' dir='ltr'><strong>ubl</strong></span> 
     </span>
    </p>
   </div>
   <div class='ocr_carea' id='block_1_2' title="bbox 128 484 1282 4519">
    <p class='ocr_par' dir='ltr' id='par_1_2' title="bbox 128 484 1282 4519">
     <span class='ocr_line' id='line_1_2' title="bbox 128 484 1234 550; baseline 0.001 -3"><span class='ocrx_word' id='word_1_4' title='bbox 128 484 289 548; x_wconf 79' lang='lat' dir='ltr'><strong>eculorum</strong></span> <span class='ocrx_word' id='word_1_5' title='bbox 317 488 469 550; x_wconf 88' lang='lat' dir='ltr'><strong>testatur:</strong></span> <span class='ocrx_word' id='word_1_6' title='bbox 504 489 560 549; x_wconf 90' lang='lat' dir='ltr'><strong>aut</strong></span> <span class='ocrx_word' id='word_1_7' title='bbox 588 484 657 549; x_wconf 83' lang='lat' dir='ltr'><strong>falli</strong></span> <span class='ocrx_word' id='word_1_8' title='bbox 687 485 867 549; x_wconf 89' lang='lat' dir='ltr'><strong>communis</strong></span> <span class='ocrx_word' id='word_1_9' title='bbox 899 506 960 549; x_wconf 81' lang='lat' dir='ltr'><strong>vox</strong></span> <span class='ocrx_word' id='word_1_10' title='bbox 989 484 1147 549; x_wconf 92' lang='lat' dir='ltr'><strong>credenda</strong></span> <span class='ocrx_word' id='word_1_11' title='bbox 1175 507 1234 549; x_wconf 91' lang='lat' dir='ltr'><strong>nec</strong></span> 
     </span>
     <span class='ocr_line' id='line_1_3' title="bbox 144 591 1233 677; baseline 0 -22"><span class='ocrx_word' id='word_1_12' title='bbox 144 591 240 656; x_wconf 91' lang='lat' dir='ltr'><strong>bonis</strong></span> <span class='ocrx_word' id='word_1_13' title='bbox 264 593 372 677; x_wconf 89' lang='lat' dir='ltr'><strong>potius</strong></span> <span class='ocrx_word' id='word_1_14' title='bbox 396 614 493 676; x_wconf 87' lang='lat' dir='ltr'><strong>quam</strong></span> <span class='ocrx_word' id='word_1_15' title='bbox 517 592 551 656; x_wconf 92' lang='lat' dir='ltr'><strong>in</strong></span> <span class='ocrx_word' id='word_1_16' title='bbox 574 591 670 656; x_wconf 88' lang='lat' dir='ltr'><strong>malis</strong></span> <span class='ocrx_word' id='word_1_17' title='bbox 694 591 880 656; x_wconf 88' lang='lat' dir='ltr'><strong>humanitas</strong></span> <span class='ocrx_word' id='word_1_18' title='bbox 900 591 1067 675; x_wconf 90' lang='lat' dir='ltr'><strong>censenda,</strong></span> <span class='ocrx_word' id='word_1_19' title='bbox 1091 596 1148 656; x_wconf 92' lang='lat' dir='ltr'><strong>aut</strong></span> <span class='ocrx_word' id='word_1_20' title='bbox 1166 612 1233 655; x_wconf 91' lang='lat' dir='ltr'><strong>om·</strong></span> 
     </span>
     <span class='ocr_line' id='line_1_4' title="bbox 128 698 1234 784; baseline 0 -22"><span class='ocrx_word' id='word_1_21' title='bbox 128 719 178 762; x_wconf 90' lang='lat' dir='ltr'><strong>um</strong></span> <span class='ocrx_word' id='word_1_22' title='bbox 206 701 390 784; x_wconf 91' lang='lat' dir='ltr'><strong>temporum</strong></span> <span class='ocrx_word' id='word_1_23' title='bbox 419 700 577 783; x_wconf 78' lang='lat' dir='ltr'><strong>magistra</strong></span> <span class='ocrx_word' id='word_1_24' title='bbox 604 699 818 764; x_wconf 90' lang='lat' dir='ltr'><strong>humanitatis</strong></span> <span class='ocrx_word' id='word_1_25' title='bbox 848 702 952 765; x_wconf 85' lang='lat' dir='ltr'><strong>mater</strong></span> <span class='ocrx_word' id='word_1_26' title='bbox 975 698 1152 783; x_wconf 72' lang='lat' dir='ltr'><strong>antiquitas</strong></span> <span class='ocrx_word' id='word_1_27' title='bbox 1176 699 1234 763; x_wconf 89' lang='lat' dir='ltr'><strong>illa</strong></span> 
     </span>
     <span class='ocr_line' id='line_1_5' title="bbox 128 805 1233 891; baseline 0 -22"><span class='ocrx_word' id='word_1_28' title='bbox 128 805 238 871; x_wconf 72' lang='lat' dir='ltr'><strong>rbenda</strong></span> <span class='ocrx_word' id='word_1_29' title='bbox 260 810 317 870; x_wconf 91' lang='lat' dir='ltr'><strong>est.</strong></span> <span class='ocrx_word' id='word_1_30' title='bbox 359 805 491 891; x_wconf 78' lang='lat' dir='ltr'><strong>Ergone</strong></span> <span class='ocrx_word' id='word_1_31' title='bbox 513 806 708 871; x_wconf 88' lang='lat' dir='ltr'><strong>temeritatis</strong></span> <span class='ocrx_word' id='word_1_32' title='bbox 733 811 830 891; x_wconf 90' lang='lat' dir='ltr'><strong>atque</strong></span> <span class='ocrx_word' id='word_1_33' title='bbox 855 806 934 872; x_wconf 90' lang='lat' dir='ltr'><strong>adeo</strong></span> <span class='ocrx_word' id='word_1_34' title='bbox 959 805 1150 870; x_wconf 70' lang='lat' dir='ltr'><strong>stoliditatis</strong></span> <span class='ocrx_word' id='word_1_35' title='bbox 1173 805 1233 870; x_wconf 91' lang='lat' dir='ltr'><strong>cri·</strong></span> 
     </span>
     <span class='ocr_line' id='line_1_6' title="bbox 128 912 1233 999; baseline 0 -24"><span class='ocrx_word' id='word_1_36' title='bbox 128 932 162 976; x_wconf 92' lang='lat' dir='ltr'><strong>en</strong></span> <span class='ocrx_word' id='word_1_37' title='bbox 184 912 324 998; x_wconf 84' lang='lat' dir='ltr'><strong>effugere</strong></span> <span class='ocrx_word' id='word_1_38' title='bbox 348 916 509 999; x_wconf 89' lang='lat' dir='ltr'><strong>poterunt,</strong></span> <span class='ocrx_word' id='word_1_39' title='bbox 533 913 590 997; x_wconf 92' lang='lat' dir='ltr'><strong>qui</strong></span> <span class='ocrx_word' id='word_1_40' title='bbox 612 935 709 978; x_wconf 90' lang='lat' dir='ltr'><strong>caeca</strong></span> <span class='ocrx_word' id='word_1_41' title='bbox 733 913 787 976; x_wconf 89' lang='lat' dir='ltr'><strong>sed</strong></span> <span class='ocrx_word' id='word_1_42' title='bbox 811 914 924 978; x_wconf 89' lang='lat' dir='ltr'><strong>eadem</strong></span> <span class='ocrx_word' id='word_1_43' title='bbox 947 912 1118 997; x_wconf 74' lang='lat' dir='ltr'><strong>impotenti</strong></span> <span class='ocrx_word' id='word_1_44' title='bbox 1141 912 1233 976; x_wconf 80' lang='lat' dir='ltr'><strong>rabie</strong></span> 
     </span>
     <span class='ocr_line' id='line_1_7' title="bbox 128 1017 1282 1104; baseline 0.002 -22"><span class='ocrx_word' id='word_1_45' title='bbox 128 1017 226 1103; x_wconf 84' lang='lat' dir='ltr'><strong>rdique</strong></span> <span class='ocrx_word' id='word_1_46' title='bbox 249 1021 459 1086; x_wconf 72' lang='lat' dir='ltr'><strong>convolantes</strong></span> <span class='ocrx_word' id='word_1_47' title='bbox 478 1019 512 1085; x_wconf 93' lang='lat' dir='ltr'><strong>in</strong></span> <span class='ocrx_word' id='word_1_48' title='bbox 531 1020 604 1104; x_wconf 91' lang='lat' dir='ltr'><strong>ipsa</strong></span> <span class='ocrx_word' id='word_1_49' title='bbox 622 1019 829 1103; x_wconf 87' lang='lat' dir='ltr'><strong>antiquitatis</strong></span> <span class='ocrx_word' id='word_1_50' title='bbox 849 1020 958 1084; x_wconf 91' lang='lat' dir='ltr'><strong>studia</strong></span> <span class='ocrx_word' id='word_1_51' title='bbox 975 1041 1060 1084; x_wconf 87' lang='lat' dir='ltr'><strong>nunc</strong></span> <span class='ocrx_word' id='word_1_52' title='bbox 1078 1018 1232 1084; x_wconf 86' lang='lat' dir='ltr'><strong>invehun·</strong></span> <span class='ocrx_word' id='word_1_53' title='bbox 1247 1051 1282 1090; x_wconf 72' lang='lat' dir='ltr'><strong>rx</strong></span> 
     </span>
     <span class='ocr_line' id='line_1_8' title="bbox 128 1123 1232 1212; baseline 0.002 -24"><span class='ocrx_word' id='word_1_54' title='bbox 128 1126 406 1212; x_wconf 86' lang='lat' dir='ltr'><strong>npemiciemque</strong></span> <span class='ocrx_word' id='word_1_55' title='bbox 434 1127 500 1192; x_wconf 92' lang='lat' dir='ltr'><strong>illis</strong></span> <span class='ocrx_word' id='word_1_56' title='bbox 528 1131 562 1190; x_wconf 93' lang='lat' dir='ltr'><strong>et</strong></span> <span class='ocrx_word' id='word_1_57' title='bbox 590 1125 722 1190; x_wconf 88' lang='lat' dir='ltr'><strong>exitium</strong></span> <span class='ocrx_word' id='word_1_58' title='bbox 753 1125 940 1189; x_wconf 82' lang='lat' dir='ltr'><strong>minantur?</strong></span> <span class='ocrx_word' id='word_1_59' title='bbox 986 1123 1128 1200; x_wconf 83' lang='lat' dir='ltr'><strong>Quorum</strong></span> <span class='ocrx_word' id='word_1_60' title='bbox 1159 1148 1232 1190; x_wconf 91' lang='lat' dir='ltr'><strong>cum</strong></span> 
     </span>
     <span class='ocr_line' id='line_1_9' title="bbox 128 1230 1232 1318; baseline 0.001 -23"><span class='ocrx_word' id='word_1_61' title='bbox 128 1230 203 1315; x_wconf 86' lang='lat' dir='ltr'><strong>iplax</strong></span> <span class='ocrx_word' id='word_1_62' title='bbox 226 1234 432 1316; x_wconf 90' lang='lat' dir='ltr'><strong>potissimum</strong></span> <span class='ocrx_word' id='word_1_63' title='bbox 456 1254 558 1318; x_wconf 81' lang='lat' dir='ltr'><strong>genus</strong></span> <span class='ocrx_word' id='word_1_64' title='bbox 578 1232 634 1297; x_wconf 89' lang='lat' dir='ltr'><strong>sit:</strong></span> <span class='ocrx_word' id='word_1_65' title='bbox 658 1231 732 1296; x_wconf 91' lang='lat' dir='ltr'><strong>illos</strong></span> <span class='ocrx_word' id='word_1_66' title='bbox 752 1232 881 1316; x_wconf 87' lang='lat' dir='ltr'><strong>quidem</strong></span> <span class='ocrx_word' id='word_1_67' title='bbox 906 1252 1040 1315; x_wconf 87' lang='lat' dir='ltr'><strong>prorsus</strong></span> <span class='ocrx_word' id='word_1_68' title='bbox 1064 1230 1117 1296; x_wconf 93' lang='lat' dir='ltr'><strong>hic</strong></span> <span class='ocrx_word' id='word_1_69' title='bbox 1139 1252 1232 1315; x_wconf 83' lang='lat' dir='ltr'><strong>prae·</strong></span> 
     </span>
     <span class='ocr_line' id='line_1_10' title="bbox 128 1337 1231 1426; baseline -0.002 -22"><span class='ocrx_word' id='word_1_70' title='bbox 128 1339 299 1405; x_wconf 77' lang='lat' dir='ltr'><strong>mittimus</strong></span> <span class='ocrx_word' id='word_1_71' title='bbox 318 1341 383 1426; x_wconf 95' lang='lat' dir='ltr'><strong>qui,</strong></span> <span class='ocrx_word' id='word_1_72' title='bbox 402 1341 478 1405; x_wconf 89' lang='lat' dir='ltr'><strong>dum</strong></span> <span class='ocrx_word' id='word_1_73' title='bbox 497 1339 709 1424; x_wconf 90' lang='lat' dir='ltr'><strong>opificiorum,</strong></span> <span class='ocrx_word' id='word_1_74' title='bbox 727 1339 993 1403; x_wconf 78' lang='lat' dir='ltr'><strong>commerciorum</strong></span> <span class='ocrx_word' id='word_1_75' title='bbox 1012 1337 1231 1422; x_wconf 84' lang='lat' dir='ltr'><strong>negotiorum-</strong></span> 
     </span>
     <span class='ocr_line' id='line_1_11' title="bbox 128 1443 1232 1528; baseline 0 -19"><span class='ocrx_word' id='word_1_76' title='bbox 128 1467 153 1509; x_wconf 86' lang='lat' dir='ltr'><strong>1e</strong></span> <span class='ocrx_word' id='word_1_77' title='bbox 178 1447 322 1512; x_wconf 87' lang='lat' dir='ltr'><strong>utilitate</strong></span> <span class='ocrx_word' id='word_1_78' title='bbox 345 1453 379 1512; x_wconf 90' lang='lat' dir='ltr'><strong>et</strong></span> <span class='ocrx_word' id='word_1_79' title='bbox 401 1447 582 1512; x_wconf 85' lang='lat' dir='ltr'><strong>civitatium</strong></span> <span class='ocrx_word' id='word_1_80' title='bbox 610 1445 750 1510; x_wconf 89' lang='lat' dir='ltr'><strong>salutem</strong></span> <span class='ocrx_word' id='word_1_81' title='bbox 773 1450 806 1509; x_wconf 90' lang='lat' dir='ltr'><strong>et</strong></span> <span class='ocrx_word' id='word_1_82' title='bbox 829 1445 949 1509; x_wconf 91' lang='lat' dir='ltr'><strong>artium</strong></span> <span class='ocrx_word' id='word_1_83' title='bbox 972 1443 1232 1528; x_wconf 91' lang='lat' dir='ltr'><strong>disciplinarum·</strong></span> 
     </span>
     <span class='ocr_line' id='line_1_12' title="bbox 128 1550 1230 1636; baseline 0.002 -22"><span class='ocrx_word' id='word_1_84' title='bbox 128 1572 151 1616; x_wconf 72' lang='grc' dir='ltr'><strong>ιε</strong></span> <span class='ocrx_word' id='word_1_85' title='bbox 174 1554 315 1619; x_wconf 84' lang='lat' dir='ltr'><strong>fructum</strong></span> <span class='ocrx_word' id='word_1_86' title='bbox 339 1576 467 1620; x_wconf 91' lang='lat' dir='ltr'><strong>omnem</strong></span> <span class='ocrx_word' id='word_1_87' title='bbox 495 1554 687 1634; x_wconf 87' lang='lat' dir='ltr'><strong>metiuntur,</strong></span> <span class='ocrx_word' id='word_1_88' title='bbox 716 1553 750 1615; x_wconf 94' lang='lat' dir='ltr'><strong>in</strong></span> <span class='ocrx_word' id='word_1_89' title='bbox 779 1556 914 1636; x_wconf 88' lang='lat' dir='ltr'><strong>quaestu</strong></span> <span class='ocrx_word' id='word_1_90' title='bbox 941 1550 1095 1634; x_wconf 88' lang='lat' dir='ltr'><strong>lucroque</strong></span> <span class='ocrx_word' id='word_1_91' title='bbox 1119 1555 1151 1616; x_wconf 88' lang='lat' dir='ltr'><strong>et</strong></span> <span class='ocrx_word' id='word_1_92' title='bbox 1173 1550 1230 1616; x_wconf 93' lang='lat' dir='ltr'><strong>hu-</strong></span> 
     </span>
     <span class='ocr_line' id='line_1_13' title="bbox 128 1655 1231 1745; baseline -0.003 -19"><span class='ocrx_word' id='word_1_93' title='bbox 128 1660 191 1726; x_wconf 81' lang='lat' dir='ltr'><strong>anis</strong></span> <span class='ocrx_word' id='word_1_94' title='bbox 220 1660 369 1726; x_wconf 88' lang='lat' dir='ltr'><strong>sordibus</strong></span> <span class='ocrx_word' id='word_1_95' title='bbox 397 1661 506 1745; x_wconf 91' lang='lat' dir='ltr'><strong>ipsum</strong></span> <span class='ocrx_word' id='word_1_96' title='bbox 535 1660 630 1724; x_wconf 88' lang='lat' dir='ltr'><strong>finem</strong></span> <span class='ocrx_word' id='word_1_97' title='bbox 654 1659 813 1723; x_wconf 89' lang='lat' dir='ltr'><strong>bonorum</strong></span> <span class='ocrx_word' id='word_1_98' title='bbox 838 1660 1007 1742; x_wconf 88' lang='lat' dir='ltr'><strong>quaerunt.</strong></span> <span class='ocrx_word' id='word_1_99' title='bbox 1052 1655 1231 1723; x_wconf 87' lang='lat' dir='ltr'><strong>Honestius</strong></span> 
     </span>
     <span class='ocr_line' id='line_1_14' title="bbox 128 1763 1231 1850; baseline -0.003 -19"><span class='ocrx_word' id='word_1_100' title='bbox 128 1767 241 1850; x_wconf 88' lang='lat' dir='ltr'><strong>utiunt,</strong></span> <span class='ocrx_word' id='word_1_101' title='bbox 264 1766 321 1832; x_wconf 84' lang='lat' dir='ltr'><strong>sed</strong></span> <span class='ocrx_word' id='word_1_102' title='bbox 343 1772 454 1832; x_wconf 87' lang='lat' dir='ltr'><strong>tamen</strong></span> <span class='ocrx_word' id='word_1_103' title='bbox 476 1766 719 1849; x_wconf 81' lang='lat' dir='ltr'><strong>intellegentias</strong></span> <span class='ocrx_word' id='word_1_104' title='bbox 744 1764 796 1828; x_wconf 81' lang='lat' dir='ltr'><strong>rix</strong></span> <span class='ocrx_word' id='word_1_105' title='bbox 820 1763 973 1847; x_wconf 86' lang='lat' dir='ltr'><strong>iudicant,</strong></span> <span class='ocrx_word' id='word_1_106' title='bbox 997 1765 1052 1848; x_wconf 92' lang='lat' dir='ltr'><strong>qui</strong></span> <span class='ocrx_word' id='word_1_107' title='bbox 1070 1764 1153 1828; x_wconf 92' lang='lat' dir='ltr'><strong>nihil</strong></span> <span class='ocrx_word' id='word_1_108' title='bbox 1173 1764 1231 1829; x_wconf 89' lang='lat' dir='ltr'><strong>im·</strong></span> 
     </span>
     <span class='ocr_line' id='line_1_15' title="bbox 128 1868 1231 1960; baseline -0.004 -21"><span class='ocrx_word' id='word_1_109' title='bbox 128 1878 269 1960; x_wconf 81' lang='lat' dir='ltr'><strong>guentae</strong></span> <span class='ocrx_word' id='word_1_110' title='bbox 292 1873 343 1938; x_wconf 88' lang='lat' dir='ltr'><strong>vel</strong></span> <span class='ocrx_word' id='word_1_111' title='bbox 367 1872 477 1956; x_wconf 92' lang='lat' dir='ltr'><strong>potius</strong></span> <span class='ocrx_word' id='word_1_112' title='bbox 500 1871 583 1935; x_wconf 92' lang='lat' dir='ltr'><strong>nihil</strong></span> <span class='ocrx_word' id='word_1_113' title='bbox 607 1874 756 1934; x_wconf 82' lang='lat' dir='ltr'><strong>curantes</strong></span> <span class='ocrx_word' id='word_1_114' title='bbox 781 1868 978 1934; x_wconf 87' lang='lat' dir='ltr'><strong>Graecorum</strong></span> <span class='ocrx_word' id='word_1_115' title='bbox 997 1869 1231 1935; x_wconf 86' lang='lat' dir='ltr'><strong>Romanorum·</strong></span> 
     </span>
     <span class='ocr_line' id='line_1_16' title="bbox 129 1974 1232 2064; baseline -0.004 -18"><span class='ocrx_word' id='word_1_116' title='bbox 129 2002 147 2045; x_wconf 90' lang='lat' dir='ltr'><strong>e</strong></span> <span class='ocrx_word' id='word_1_117' title='bbox 178 1979 414 2064; x_wconf 82' lang='lat' dir='ltr'><strong>praestantiam</strong></span> <span class='ocrx_word' id='word_1_118' title='bbox 450 1978 533 2043; x_wconf 90' lang='lat' dir='ltr'><strong>nihil</strong></span> <span class='ocrx_word' id='word_1_119' title='bbox 570 1977 701 2042; x_wconf 91' lang='lat' dir='ltr'><strong>omnino</strong></span> <span class='ocrx_word' id='word_1_120' title='bbox 738 1974 946 2059; x_wconf 89' lang='lat' dir='ltr'><strong>imitandum,</strong></span> <span class='ocrx_word' id='word_1_121' title='bbox 982 1975 1065 2040; x_wconf 91' lang='lat' dir='ltr'><strong>nihil</strong></span> <span class='ocrx_word' id='word_1_122' title='bbox 1102 1976 1232 2043; x_wconf 85' lang='lat' dir='ltr'><strong>aliunde</strong></span> 
     </span>
     <span class='ocr_line' id='line_1_17' title="bbox 128 2081 1232 2168; baseline -0.004 -15"><span class='ocrx_word' id='word_1_123' title='bbox 128 2087 305 2153; x_wconf 77' lang='lat' dir='ltr'><strong>riscendum</strong></span> <span class='ocrx_word' id='word_1_124' title='bbox 334 2085 496 2162; x_wconf 78' lang='lat' dir='ltr'><strong>dictitant,</strong></span> <span class='ocrx_word' id='word_1_125' title='bbox 523 2083 585 2150; x_wconf 94' lang='lat' dir='ltr'><strong>hoc</strong></span> <span class='ocrx_word' id='word_1_126' title='bbox 616 2083 746 2168; x_wconf 90' lang='lat' dir='ltr'><strong>quidem</strong></span> <span class='ocrx_word' id='word_1_127' title='bbox 773 2081 924 2165; x_wconf 89' lang='lat' dir='ltr'><strong>consilio,</strong></span> <span class='ocrx_word' id='word_1_128' title='bbox 951 2088 988 2147; x_wconf 92' lang='lat' dir='ltr'><strong>ut</strong></span> <span class='ocrx_word' id='word_1_129' title='bbox 1015 2083 1146 2148; x_wconf 87' lang='lat' dir='ltr'><strong>tandem</strong></span> <span class='ocrx_word' id='word_1_130' title='bbox 1175 2084 1232 2149; x_wconf 89' lang='lat' dir='ltr'><strong>ali·</strong></span> 
     </span>
     <span class='ocr_line' id='line_1_18' title="bbox 128 2189 1231 2273; baseline -0.004 -15"><span class='ocrx_word' id='word_1_131' title='bbox 128 2192 213 2259; x_wconf 83' lang='lat' dir='ltr'><strong>ando</strong></span> <span class='ocrx_word' id='word_1_132' title='bbox 245 2193 370 2258; x_wconf 86' lang='lat' dir='ltr'><strong>abiecta</strong></span> <span class='ocrx_word' id='word_1_133' title='bbox 402 2192 540 2257; x_wconf 89' lang='lat' dir='ltr'><strong>aliorum</strong></span> <span class='ocrx_word' id='word_1_134' title='bbox 570 2189 783 2255; x_wconf 87' lang='lat' dir='ltr'><strong>admiratione</strong></span> <span class='ocrx_word' id='word_1_135' title='bbox 813 2193 941 2254; x_wconf 90' lang='lat' dir='ltr'><strong>nosmet</strong></span> <span class='ocrx_word' id='word_1_136' title='bbox 972 2189 1034 2273; x_wconf 90' lang='lat' dir='ltr'><strong>ipsi</strong></span> <span class='ocrx_word' id='word_1_137' title='bbox 1069 2190 1231 2273; x_wconf 90' lang='lat' dir='ltr'><strong>suspicere</strong></span> 
     </span>
     <span class='ocr_line' id='line_1_19' title="bbox 128 2294 1231 2382; baseline -0.004 -16"><span class='ocrx_word' id='word_1_138' title='bbox 128 2322 263 2382; x_wconf 72' lang='lat' dir='ltr'><strong>mamus,</strong></span> <span class='ocrx_word' id='word_1_139' title='bbox 294 2320 352 2364; x_wconf 88' lang='lat' dir='ltr'><strong>neu</strong></span> <span class='ocrx_word' id='word_1_140' title='bbox 379 2297 443 2362; x_wconf 91' lang='lat' dir='ltr'><strong>nisi</strong></span> <span class='ocrx_word' id='word_1_141' title='bbox 471 2297 538 2361; x_wconf 89' lang='lat' dir='ltr'><strong>suis</strong></span> <span class='ocrx_word' id='word_1_142' title='bbox 568 2318 584 2361; x_wconf 90' lang='lat' dir='ltr'><strong>e</strong></span> <span class='ocrx_word' id='word_1_143' title='bbox 613 2296 776 2361; x_wconf 83' lang='lat' dir='ltr'><strong>radicibus</strong></span> <span class='ocrx_word' id='word_1_144' title='bbox 804 2294 1010 2379; x_wconf 89' lang='lat' dir='ltr'><strong>proficiscens</strong></span> <span class='ocrx_word' id='word_1_145' title='bbox 1037 2316 1076 2361; x_wconf 88' lang='lat' dir='ltr'><strong>ea</strong></span> <span class='ocrx_word' id='word_1_146' title='bbox 1103 2296 1231 2363; x_wconf 87' lang='lat' dir='ltr'><strong>roboris</strong></span> 
     </span>
     <span class='ocr_line' id='line_1_20' title="bbox 128 2401 1231 2487; baseline -0.001 -16"><span class='ocrx_word' id='word_1_147' title='bbox 128 2410 286 2471; x_wconf 67' lang='lat' dir='ltr'><strong>crementa</strong></span> <span class='ocrx_word' id='word_1_148' title='bbox 313 2403 491 2470; x_wconf 88' lang='lat' dir='ltr'><strong>communis</strong></span> <span class='ocrx_word' id='word_1_149' title='bbox 518 2402 626 2487; x_wconf 90' lang='lat' dir='ltr'><strong>patria</strong></span> <span class='ocrx_word' id='word_1_150' title='bbox 653 2403 774 2487; x_wconf 90' lang='lat' dir='ltr'><strong>capiat,</strong></span> <span class='ocrx_word' id='word_1_151' title='bbox 803 2401 920 2486; x_wconf 89' lang='lat' dir='ltr'><strong>quibus</strong></span> <span class='ocrx_word' id='word_1_152' title='bbox 947 2405 980 2465; x_wconf 89' lang='lat' dir='ltr'><strong>et</strong></span> <span class='ocrx_word' id='word_1_153' title='bbox 1002 2401 1075 2486; x_wconf 90' lang='lat' dir='ltr'><strong>ipsa</strong></span> <span class='ocrx_word' id='word_1_154' title='bbox 1097 2423 1231 2469; x_wconf 85' lang='lat' dir='ltr'><strong>concors</strong></span> 
     </span>
     <span class='ocr_line' id='line_1_21' title="bbox 128 2508 1231 2599; baseline -0.004 -20"><span class='ocrx_word' id='word_1_155' title='bbox 128 2514 220 2599; x_wconf 82' lang='lat' dir='ltr'><strong>isque</strong></span> <span class='ocrx_word' id='word_1_156' title='bbox 252 2534 321 2577; x_wconf 92' lang='lat' dir='ltr'><strong>sese</strong></span> <span class='ocrx_word' id='word_1_157' title='bbox 350 2510 476 2594; x_wconf 82' lang='lat' dir='ltr'><strong>legibus</strong></span> <span class='ocrx_word' id='word_1_158' title='bbox 506 2510 689 2594; x_wconf 84' lang='lat' dir='ltr'><strong>gubernans</strong></span> <span class='ocrx_word' id='word_1_159' title='bbox 720 2513 753 2573; x_wconf 93' lang='lat' dir='ltr'><strong>et</strong></span> <span class='ocrx_word' id='word_1_160' title='bbox 782 2508 927 2573; x_wconf 89' lang='lat' dir='ltr'><strong>timenda</strong></span> <span class='ocrx_word' id='word_1_161' title='bbox 958 2509 1076 2574; x_wconf 83' lang='lat' dir='ltr'><strong>exteris</strong></span> <span class='ocrx_word' id='word_1_162' title='bbox 1106 2509 1231 2594; x_wconf 87' lang='lat' dir='ltr'><strong>evadat,</strong></span> 
     </span>
     <span class='ocr_line' id='line_1_22' title="bbox 128 2615 1231 2704; baseline -0.004 -18"><span class='ocrx_word' id='word_1_163' title='bbox 128 2642 184 2704; x_wconf 81' lang='lat' dir='ltr'><strong>que</strong></span> <span class='ocrx_word' id='word_1_164' title='bbox 216 2624 255 2684; x_wconf 90' lang='lat' dir='ltr'><strong>ut</strong></span> <span class='ocrx_word' id='word_1_165' title='bbox 285 2639 350 2683; x_wconf 91' lang='lat' dir='ltr'><strong>uno</strong></span> <span class='ocrx_word' id='word_1_166' title='bbox 381 2617 479 2680; x_wconf 83' lang='lat' dir='ltr'><strong>verbo</strong></span> <span class='ocrx_word' id='word_1_167' title='bbox 512 2616 632 2697; x_wconf 89' lang='lat' dir='ltr'><strong>dicam,</strong></span> <span class='ocrx_word' id='word_1_168' title='bbox 669 2637 763 2680; x_wconf 89' lang='lat' dir='ltr'><strong>verae</strong></span> <span class='ocrx_word' id='word_1_169' title='bbox 801 2615 991 2699; x_wconf 82' lang='lat' dir='ltr'><strong>debitaeque</strong></span> <span class='ocrx_word' id='word_1_170' title='bbox 1024 2617 1231 2702; x_wconf 88' lang='lat' dir='ltr'><strong>eiusdemque</strong></span> 
     </span>
     <span class='ocr_line' id='line_1_23' title="bbox 128 2710 1229 2807; baseline -0.004 -15"><span class='ocrx_word' id='word_1_171' title='bbox 128 2727 245 2792; x_wconf 87' lang='lat' dir='ltr'><strong>istinae</strong></span> <span class='ocrx_word' id='word_1_172' title='bbox 267 2710 428 2790; x_wconf 82' lang='lat' dir='ltr'><strong>libertatis</strong></span> <span class='ocrx_word' id='word_1_173' title='bbox 453 2723 663 2807; x_wconf 89' lang='lat' dir='ltr'><strong>beatitudine,</strong></span> <span class='ocrx_word' id='word_1_174' title='bbox 686 2723 777 2787; x_wconf 89' lang='lat' dir='ltr'><strong>cuius</strong></span> <span class='ocrx_word' id='word_1_175' title='bbox 800 2743 883 2786; x_wconf 89' lang='lat' dir='ltr'><strong>unus</strong></span> <span class='ocrx_word' id='word_1_176' title='bbox 907 2722 981 2787; x_wconf 88' lang='lat' dir='ltr'><strong>fons</strong></span> <span class='ocrx_word' id='word_1_177' title='bbox 1000 2723 1134 2806; x_wconf 87' lang='lat' dir='ltr'><strong>iustitia,</strong></span> <span class='ocrx_word' id='word_1_178' title='bbox 1158 2745 1229 2788; x_wconf 92' lang='lat' dir='ltr'><strong>cum</strong></span> 
     </span>
     <span class='ocr_line' id='line_1_24' title="bbox 128 2827 1230 2917; baseline -0.002 -19"><span class='ocrx_word' id='word_1_179' title='bbox 128 2833 251 2917; x_wconf 88' lang='lat' dir='ltr'><strong>publica</strong></span> <span class='ocrx_word' id='word_1_180' title='bbox 274 2831 423 2895; x_wconf 86' lang='lat' dir='ltr'><strong>universa</strong></span> <span class='ocrx_word' id='word_1_181' title='bbox 446 2829 568 2913; x_wconf 81' lang='lat' dir='ltr'><strong>singuli</strong></span> <span class='ocrx_word' id='word_1_182' title='bbox 591 2829 676 2892; x_wconf 81' lang='lat' dir='ltr'><strong>ciues</strong></span> <span class='ocrx_word' id='word_1_183' title='bbox 699 2827 857 2893; x_wconf 87' lang='lat' dir='ltr'><strong>fruantur.</strong></span> <span class='ocrx_word' id='word_1_184' title='bbox 895 2828 966 2893; x_wconf 90' lang='lat' dir='ltr'><strong>Hoc</strong></span> <span class='ocrx_word' id='word_1_185' title='bbox 990 2834 1098 2894; x_wconf 91' lang='lat' dir='ltr'><strong>autem</strong></span> <span class='ocrx_word' id='word_1_186' title='bbox 1123 2830 1230 2914; x_wconf 90' lang='lat' dir='ltr'><strong>ipsum</strong></span> 
     </span>
     <span class='ocr_line' id='line_1_25' title="bbox 128 2935 1231 3024; baseline -0.002 -20"><span class='ocrx_word' id='word_1_187' title='bbox 128 2962 180 3022; x_wconf 82' lang='lat' dir='ltr'><strong>mr,</strong></span> <span class='ocrx_word' id='word_1_188' title='bbox 211 2939 267 3024; x_wconf 92' lang='lat' dir='ltr'><strong>qui</strong></span> <span class='ocrx_word' id='word_1_189' title='bbox 300 2936 506 3021; x_wconf 82' lang='lat' dir='ltr'><strong>antiquita-tis</strong></span> <span class='ocrx_word' id='word_1_190' title='bbox 536 2935 625 2999; x_wconf 86' lang='lat' dir='ltr'><strong>illius</strong></span> <span class='ocrx_word' id='word_1_191' title='bbox 657 2935 880 3000; x_wconf 81' lang='lat' dir='ltr'><strong>excellentiam</strong></span> <span class='ocrx_word' id='word_1_192' title='bbox 909 2941 941 3000; x_wconf 89' lang='lat' dir='ltr'><strong>et</strong></span> <span class='ocrx_word' id='word_1_193' title='bbox 969 2935 1168 3001; x_wconf 91' lang='lat' dir='ltr'><strong>admiramur</strong></span> <span class='ocrx_word' id='word_1_194' title='bbox 1199 2944 1231 3002; x_wconf 90' lang='lat' dir='ltr'><strong>et</strong></span> 
     </span>
     <span class='ocr_line' id='line_1_26' title="bbox 128 3043 1231 3129; baseline -0.001 -20"><span class='ocrx_word' id='word_1_195' title='bbox 128 3044 231 3112; x_wconf 89' lang='lat' dir='ltr'><strong>udiose</strong></span> <span class='ocrx_word' id='word_1_196' title='bbox 253 3044 486 3129; x_wconf 89' lang='lat' dir='ltr'><strong>amplectimur,</strong></span> <span class='ocrx_word' id='word_1_197' title='bbox 510 3048 576 3107; x_wconf 86' lang='lat' dir='ltr'><strong>tam</strong></span> <span class='ocrx_word' id='word_1_198' title='bbox 600 3043 712 3126; x_wconf 82' lang='lat' dir='ltr'><strong>ignavi</strong></span> <span class='ocrx_word' id='word_1_199' title='bbox 737 3065 847 3107; x_wconf 90' lang='lat' dir='ltr'><strong>sumus</strong></span> <span class='ocrx_word' id='word_1_200' title='bbox 877 3048 1001 3109; x_wconf 90' lang='lat' dir='ltr'><strong>utnon</strong></span> <span class='ocrx_word' id='word_1_201' title='bbox 1024 3043 1231 3109; x_wconf 86' lang='lat' dir='ltr'><strong>vehementer</strong></span> 
     </span>
     <span class='ocr_line' id='line_1_27' title="bbox 128 3149 1230 3236; baseline 0.003 -22"><span class='ocrx_word' id='word_1_202' title='bbox 128 3158 275 3236; x_wconf 85' lang='lat' dir='ltr'><strong>raptemus</strong></span> <span class='ocrx_word' id='word_1_203' title='bbox 303 3157 413 3236; x_wconf 86' lang='lat' dir='ltr'><strong>atque,</strong></span> <span class='ocrx_word' id='word_1_204' title='bbox 442 3150 536 3215; x_wconf 87' lang='lat' dir='ltr'><strong>modo</strong></span> <span class='ocrx_word' id='word_1_205' title='bbox 565 3171 603 3213; x_wconf 91' lang='lat' dir='ltr'><strong>ne</strong></span> <span class='ocrx_word' id='word_1_206' title='bbox 628 3149 713 3213; x_wconf 88' lang='lat' dir='ltr'><strong>desit</strong></span> <span class='ocrx_word' id='word_1_207' title='bbox 735 3150 979 3234; x_wconf 86' lang='lat' dir='ltr'><strong>opportunitas,</strong></span> <span class='ocrx_word' id='word_1_208' title='bbox 1006 3151 1094 3217; x_wconf 91' lang='lat' dir='ltr'><strong>omni</strong></span> <span class='ocrx_word' id='word_1_209' title='bbox 1118 3173 1230 3217; x_wconf 87' lang='lat' dir='ltr'><strong>nervo·</strong></span> 
     </span>
     <span class='ocr_line' id='line_1_28' title="bbox 128 3254 1231 3340; baseline 0.001 -18"><span class='ocrx_word' id='word_1_210' title='bbox 128 3276 166 3322; x_wconf 84' lang='lat' dir='ltr'><strong>um</strong></span> <span class='ocrx_word' id='word_1_211' title='bbox 186 3258 365 3324; x_wconf 86' lang='lat' dir='ltr'><strong>intentione</strong></span> <span class='ocrx_word' id='word_1_212' title='bbox 394 3257 470 3321; x_wconf 89' lang='lat' dir='ltr'><strong>illuc</strong></span> <span class='ocrx_word' id='word_1_213' title='bbox 498 3257 560 3340; x_wconf 92' lang='lat' dir='ltr'><strong>ipsi</strong></span> <span class='ocrx_word' id='word_1_214' title='bbox 589 3254 843 3320; x_wconf 82' lang='lat' dir='ltr'><strong>contendamus?</strong></span> <span class='ocrx_word' id='word_1_215' title='bbox 890 3257 942 3321; x_wconf 84' lang='lat' dir='ltr'><strong>An</strong></span> <span class='ocrx_word' id='word_1_216' title='bbox 972 3258 1001 3321; x_wconf 91' lang='lat' dir='ltr'><strong>ei</strong></span> <span class='ocrx_word' id='word_1_217' title='bbox 1030 3259 1231 3324; x_wconf 87' lang='lat' dir='ltr'><strong>contentioni</strong></span> 
     </span>
     <span class='ocr_line' id='line_1_29' title="bbox 128 3356 1231 3452; baseline 0.005 -25"><span class='ocrx_word' id='word_1_218' title='bbox 128 3356 164 3427; x_wconf 80' lang='lat' dir='ltr'><strong>llo</strong></span> <span class='ocrx_word' id='word_1_219' title='bbox 182 3370 277 3452; x_wconf 91' lang='lat' dir='ltr'><strong>pacto</strong></span> <span class='ocrx_word' id='word_1_220' title='bbox 301 3369 468 3450; x_wconf 81' lang='lat' dir='ltr'><strong>repugnat,</strong></span> <span class='ocrx_word' id='word_1_221' title='bbox 492 3363 577 3448; x_wconf 91' lang='lat' dir='ltr'><strong>quod</strong></span> <span class='ocrx_word' id='word_1_222' title='bbox 597 3363 758 3428; x_wconf 85' lang='lat' dir='ltr'><strong>libertatis</strong></span> <span class='ocrx_word' id='word_1_223' title='bbox 779 3364 1022 3450; x_wconf 88' lang='lat' dir='ltr'><strong>consectandae,</strong></span> <span class='ocrx_word' id='word_1_224' title='bbox 1046 3386 1231 3452; x_wconf 81' lang='lat' dir='ltr'><strong>expugnan-</strong></span> 
     </span>
     <span class='ocr_line' id='line_1_30' title="bbox 128 3456 1231 3560; baseline 0.001 -22"><span class='ocrx_word' id='word_1_225' title='bbox 128 3456 401 3556; x_wconf 61' lang='lat' dir='ltr'><strong>fltrindicandae,</strong></span> <span class='ocrx_word' id='word_1_226' title='bbox 430 3470 515 3556; x_wconf 91' lang='lat' dir='ltr'><strong>quod</strong></span> <span class='ocrx_word' id='word_1_227' title='bbox 539 3470 704 3554; x_wconf 88' lang='lat' dir='ltr'><strong>colendae,</strong></span> <span class='ocrx_word' id='word_1_228' title='bbox 728 3470 898 3554; x_wconf 89' lang='lat' dir='ltr'><strong>tutandae,</strong></span> <span class='ocrx_word' id='word_1_229' title='bbox 922 3473 1151 3538; x_wconf 89' lang='lat' dir='ltr'><strong>sustentandae</strong></span> <span class='ocrx_word' id='word_1_230' title='bbox 1175 3498 1231 3560; x_wconf 88' lang='lat' dir='ltr'><strong>pa·</strong></span> 
     </span>
     <span class='ocr_line' id='line_1_31' title="bbox 128 3566 1231 3663; baseline 0.005 -22"><span class='ocrx_word' id='word_1_231' title='bbox 128 3566 174 3641; x_wconf 70' lang='lat' dir='ltr'><strong>&#39;lte</strong></span> <span class='ocrx_word' id='word_1_232' title='bbox 205 3583 371 3644; x_wconf 87' lang='lat' dir='ltr'><strong>aeternum</strong></span> <span class='ocrx_word' id='word_1_233' title='bbox 409 3578 591 3661; x_wconf 87' lang='lat' dir='ltr'><strong>exemplum</strong></span> <span class='ocrx_word' id='word_1_234' title='bbox 625 3575 740 3642; x_wconf 87' lang='lat' dir='ltr'><strong>Graeci</strong></span> <span class='ocrx_word' id='word_1_235' title='bbox 773 3577 974 3662; x_wconf 88' lang='lat' dir='ltr'><strong>Romanique</strong></span> <span class='ocrx_word' id='word_1_236' title='bbox 1011 3584 1231 3663; x_wconf 77' lang='lat' dir='ltr'><strong>proposuere?</strong></span> 
     </span>
     <span class='ocr_line' id='line_1_32' title="bbox 128 3682 1230 3770; baseline 0.006 -22"><span class='ocrx_word' id='word_1_237' title='bbox 128 3682 310 3770; x_wconf 70' lang='lat' dir='ltr'><strong>breuique,</strong></span> <span class='ocrx_word' id='word_1_238' title='bbox 334 3685 361 3749; x_wconf 92' lang='lat' dir='ltr'><strong>si</strong></span> <span class='ocrx_word' id='word_1_239' title='bbox 383 3705 450 3748; x_wconf 91' lang='lat' dir='ltr'><strong>non</strong></span> <span class='ocrx_word' id='word_1_240' title='bbox 473 3683 713 3767; x_wconf 89' lang='lat' dir='ltr'><strong>improbabilis,</strong></span> <span class='ocrx_word' id='word_1_241' title='bbox 737 3689 771 3749; x_wconf 90' lang='lat' dir='ltr'><strong>at</strong></span> <span class='ocrx_word' id='word_1_242' title='bbox 795 3706 1034 3769; x_wconf 86' lang='lat' dir='ltr'><strong>supervacanea</strong></span> <span class='ocrx_word' id='word_1_243' title='bbox 1056 3691 1167 3753; x_wconf 90' lang='lat' dir='ltr'><strong>tamen</strong></span> <span class='ocrx_word' id='word_1_244' title='bbox 1191 3690 1230 3755; x_wconf 89' lang='lat' dir='ltr'><strong>ad</strong></span> 
     </span>
     <span class='ocr_line' id='line_1_33' title="bbox 128 3772 1231 3876; baseline 0.001 -17"><span class='ocrx_word' id='word_1_245' title='bbox 128 3772 235 3875; x_wconf 81' lang='lat' dir='ltr'><strong>lqnod</strong></span> <span class='ocrx_word' id='word_1_246' title='bbox 257 3791 354 3857; x_wconf 90' lang='lat' dir='ltr'><strong>hodie</strong></span> <span class='ocrx_word' id='word_1_247' title='bbox 378 3790 591 3856; x_wconf 86' lang='lat' dir='ltr'><strong>cummaxime</strong></span> <span class='ocrx_word' id='word_1_248' title='bbox 611 3789 654 3853; x_wconf 86' lang='lat' dir='ltr'><strong>eit</strong></span> <span class='ocrx_word' id='word_1_249' title='bbox 672 3790 891 3874; x_wconf 88' lang='lat' dir='ltr'><strong>annitendum,</strong></span> <span class='ocrx_word' id='word_1_250' title='bbox 914 3792 1124 3876; x_wconf 89' lang='lat' dir='ltr'><strong>antiquitatis</strong></span> <span class='ocrx_word' id='word_1_251' title='bbox 1148 3799 1231 3861; x_wconf 88' lang='lat' dir='ltr'><strong>traa-</strong></span> 
     </span>
     <span class='ocr_line' id='line_1_34' title="bbox 128 3884 1230 3982; baseline 0.005 -21"><span class='ocrx_word' id='word_1_252' title='bbox 128 3884 174 3961; x_wconf 49' lang='grc' dir='ltr'><strong>ἢ)</strong></span> <span class='ocrx_word' id='word_1_253' title='bbox 203 3898 309 3963; x_wconf 88' lang='lat' dir='ltr'><strong>omnis</strong></span> <span class='ocrx_word' id='word_1_254' title='bbox 344 3896 525 3962; x_wconf 81' lang='lat' dir='ltr'><strong>videbitur?</strong></span> <span class='ocrx_word' id='word_1_255' title='bbox 570 3897 666 3961; x_wconf 83' lang='lat' dir='ltr'><strong>Esto:</strong></span> <span class='ocrx_word' id='word_1_256' title='bbox 700 3897 878 3982; x_wconf 80' lang='lat' dir='ltr'><strong>largiamur</strong></span> <span class='ocrx_word' id='word_1_257' title='bbox 909 3899 993 3982; x_wconf 92' lang='lat' dir='ltr'><strong>quod</strong></span> <span class='ocrx_word' id='word_1_258' title='bbox 1027 3901 1230 3966; x_wconf 89' lang='lat' dir='ltr'><strong>concedimus</strong></span> 
     </span>
     <span class='ocr_line' id='line_1_35' title="bbox 128 3988 1230 4092; baseline 0.004 -23"><span class='ocrx_word' id='word_1_259' title='bbox 128 3988 228 4088; x_wconf 69' lang='lat' dir='ltr'><strong>idirue,</strong></span> <span class='ocrx_word' id='word_1_260' title='bbox 249 4026 317 4070; x_wconf 91' lang='lat' dir='ltr'><strong>non</strong></span> <span class='ocrx_word' id='word_1_261' title='bbox 338 4005 458 4069; x_wconf 89' lang='lat' dir='ltr'><strong>habere</strong></span> <span class='ocrx_word' id='word_1_262' title='bbox 477 4008 601 4068; x_wconf 84' lang='lat' dir='ltr'><strong>veteres</strong></span> <span class='ocrx_word' id='word_1_263' title='bbox 619 4004 704 4088; x_wconf 88' lang='lat' dir='ltr'><strong>illos,</strong></span> <span class='ocrx_word' id='word_1_264' title='bbox 727 4027 790 4089; x_wconf 91' lang='lat' dir='ltr'><strong>quo</strong></span> <span class='ocrx_word' id='word_1_265' title='bbox 814 4005 929 4070; x_wconf 86' lang='lat' dir='ltr'><strong>ceteris</strong></span> <span class='ocrx_word' id='word_1_266' title='bbox 949 4005 1079 4089; x_wconf 91' lang='lat' dir='ltr'><strong>populis</strong></span> <span class='ocrx_word' id='word_1_267' title='bbox 1099 4007 1230 4092; x_wconf 89' lang='lat' dir='ltr'><strong>quibus·</strong></span> 
     </span>
     <span class='ocr_line' id='line_1_36' title="bbox 128 4111 1231 4209; baseline 0.005 -33"><span class='ocrx_word' id='word_1_268' title='bbox 128 4112 172 4209; x_wconf 62' lang='lat' dir='ltr'><strong>let</strong></span> <span class='ocrx_word' id='word_1_269' title='bbox 201 4115 384 4196; x_wconf 86' lang='lat' dir='ltr'><strong>praestent,</strong></span> <span class='ocrx_word' id='word_1_270' title='bbox 420 4112 608 4197; x_wconf 88' lang='lat' dir='ltr'><strong>quicquam,</strong></span> <span class='ocrx_word' id='word_1_271' title='bbox 646 4134 704 4176; x_wconf 89' lang='lat' dir='ltr'><strong>nec</strong></span> <span class='ocrx_word' id='word_1_272' title='bbox 741 4113 814 4195; x_wconf 91' lang='lat' dir='ltr'><strong>plus</strong></span> <span class='ocrx_word' id='word_1_273' title='bbox 847 4133 945 4195; x_wconf 86' lang='lat' dir='ltr'><strong>quum</strong></span> <span class='ocrx_word' id='word_1_274' title='bbox 977 4111 1037 4177; x_wconf 91' lang='lat' dir='ltr'><strong>hos</strong></span> <span class='ocrx_word' id='word_1_275' title='bbox 1069 4114 1159 4197; x_wconf 88' lang='lat' dir='ltr'><strong>ipsos</strong></span> <span class='ocrx_word' id='word_1_276' title='bbox 1197 4116 1231 4181; x_wconf 93' lang='lat' dir='ltr'><strong>in</strong></span> 
     </span>
     <span class='ocr_line' id='line_1_37' title="bbox 128 4216 1231 4303; baseline 0.005 -21"><span class='ocrx_word' id='word_1_277' title='bbox 128 4217 214 4282; x_wconf 59' lang='lat' dir='ltr'><strong>lttrrru</strong></span> <span class='ocrx_word' id='word_1_278' title='bbox 236 4216 381 4283; x_wconf 87' lang='lat' dir='ltr'><strong>rationes</strong></span> <span class='ocrx_word' id='word_1_279' title='bbox 403 4219 519 4284; x_wconf 85' lang='lat' dir='ltr'><strong>valere.</strong></span> <span class='ocrx_word' id='word_1_280' title='bbox 564 4218 653 4303; x_wconf 82' lang='lat' dir='ltr'><strong>Ergo</strong></span> <span class='ocrx_word' id='word_1_281' title='bbox 677 4218 868 4283; x_wconf 86' lang='lat' dir='ltr'><strong>tantundem</strong></span> <span class='ocrx_word' id='word_1_282' title='bbox 891 4223 977 4283; x_wconf 89' lang='lat' dir='ltr'><strong>certe</strong></span> <span class='ocrx_word' id='word_1_283' title='bbox 1001 4219 1125 4286; x_wconf 84' lang='lat' dir='ltr'><strong>valent:</strong></span> <span class='ocrx_word' id='word_1_284' title='bbox 1148 4222 1231 4288; x_wconf 89' lang='lat' dir='ltr'><strong>unde</strong></span> 
     </span>
     <span class='ocr_line' id='line_1_38' title="bbox 128 4326 1231 4413; baseline 0.005 -22"><span class='ocrx_word' id='word_1_285' title='bbox 128 4326 267 4391; x_wconf 67' lang='lat' dir='ltr'><strong>cauno</strong></span> <span class='ocrx_word' id='word_1_286' title='bbox 290 4328 498 4411; x_wconf 88' lang='lat' dir='ltr'><strong>consequitur</strong></span> <span class='ocrx_word' id='word_1_287' title='bbox 520 4326 592 4390; x_wconf 92' lang='lat' dir='ltr'><strong>istis</strong></span> <span class='ocrx_word' id='word_1_288' title='bbox 620 4326 749 4409; x_wconf 90' lang='lat' dir='ltr'><strong>quidem</strong></span> <span class='ocrx_word' id='word_1_289' title='bbox 774 4326 910 4391; x_wconf 88' lang='lat' dir='ltr'><strong>noviciis</strong></span> <span class='ocrx_word' id='word_1_290' title='bbox 934 4326 1097 4392; x_wconf 86' lang='lat' dir='ltr'><strong>libertatis</strong></span> <span class='ocrx_word' id='word_1_291' title='bbox 1122 4333 1231 4413; x_wconf 89' lang='lat' dir='ltr'><strong>patro·</strong></span> 
     </span>
     <span class='ocr_line' id='line_1_39' title="bbox 128 4432 1231 4519; baseline 0.004 -20"><span class='ocrx_word' id='word_1_292' title='bbox 128 4442 141 4491; x_wconf 78' lang='grc' dir='ltr'>Ι</span> <span class='ocrx_word' id='word_1_293' title='bbox 165 4454 230 4499; x_wconf 86' lang='lat' dir='ltr'><strong>una</strong></span> <span class='ocrx_word' id='word_1_294' title='bbox 256 4454 330 4498; x_wconf 88' lang='lat' dir='ltr'><strong>cum</strong></span> <span class='ocrx_word' id='word_1_295' title='bbox 357 4432 562 4519; x_wconf 86' lang='lat' dir='ltr'><strong>antiquitatis</strong></span> <span class='ocrx_word' id='word_1_296' title='bbox 592 4432 706 4497; x_wconf 89' lang='lat' dir='ltr'><strong>studiis</strong></span> <span class='ocrx_word' id='word_1_297' title='bbox 730 4432 795 4497; x_wconf 89' lang='lat' dir='ltr'><strong>illis</strong></span> <span class='ocrx_word' id='word_1_298' title='bbox 818 4433 1003 4498; x_wconf 87' lang='lat' dir='ltr'><strong>universam</strong></span> <span class='ocrx_word' id='word_1_299' title='bbox 1026 4455 1098 4500; x_wconf 90' lang='lat' dir='ltr'><strong>esse</strong></span> <span class='ocrx_word' id='word_1_300' title='bbox 1121 4459 1231 4503; x_wconf 89' lang='lat' dir='ltr'><strong>rerum</strong></span> 
     </span>
    </p>
   </div>
   <div class='ocr_carea' id='block_1_3' title="bbox 0 0 1422 5034">
    <p class='ocr_par' dir='ltr' id='par_1_3' title="bbox 0 0 1422 5034">
     <span class='ocr_line' id='line_1_40' title="bbox 0 0 1422 5034; baseline 0 0"><span class='ocrx_word' id='word_1_301' title='bbox 0 0 1422 5034; x_wconf 95' lang='lat' dir='ltr'><strong> </strong></span> 
     </span>
    </p>
   </div>
  </div>
 </body>
</html>
