2836 5034
147 320 212 386 296
305 391 311 401 ,
435 335 700 386 raocraousus
721 336 769 384 us
792 336 1004 388 asrrorrsvs

148 481 202 546 diu
225 481 378 566 perstitit
416 480 509 558 Quod
533 481 588 566 qui
610 480 697 565 fecit,
721 502 787 546 non
810 481 851 547 ab
875 503 923 566 eo,
945 481 1032 547 unde
1055 480 1259 568 Cdescriptu,

148 587 256 654 codice
279 587 445 672 profectus
468 591 527 672 est,
550 587 607 652 sed
627 588 735 673 aliquo
755 588 938 674 antiquiore
957 606 1054 655 usus:
1072 588 1105 654 id
1122 589 1201 675 quod
1215 613 1258 656 uon

147 716 244 779 posse
266 717 332 760 non
356 695 403 759 ita
426 716 496 760 esse
519 694 605 760 infra
628 695 806 779 apparebit

237 906 269 972 Ι)
292 907 505 974 Vaticanus
530 909 627 995 3870,
651 910 816 995 eleganter
839 910 927 994 picto
951 909 1074 996 insigni
1097 911 1199 996 gentis
1215 909 1259 976 lle

142 1017 257 1082 diceae
280 1018 432 1101 ornatus,
464 1016 550 1101 quod
574 1038 639 1081 non
663 1016 775 1082 dubito
800 1017 878 1103 quin
901 1015 1087 1103 rad-Leonis
1109 1016 1139 1082 X
1160 1018 1261 1102 pontifi-

148 1127 258 1189 catum
282 1125 414 1207 spectet.
459 1122 556 1188 Hunc
580 1123 776 1208 simulatque
799 1124 833 1188 in
855 1121 1015 1189 Vaticana
1036 1124 1175 1210 repperi,
1194 1124 1261 1190 iutel-

149 1230 213 1294 lexi
245 1229 339 1293 illum
371 1229 513 1295 codicem
544 1252 628 1313 esse,
660 1252 756 1314 quem
788 1229 827 1295 de
859 1231 934 1294 crisi
961 1229 1068 1296 Plaut
1090 1254 1123 1316 p.
1146 1231 1203 1297 156
1213 1253 1261 1316 sqq.

150 1339 206 1418 [=
221 1335 338 1420 Opusc.
362 1335 442 1419 phil.
456 1335 489 1400 Π
512 1359 542 1420 p.
557 1337 578 1401 5
592 1339 674 1421 sqq.]
699 1358 716 1402 e
738 1336 916 1424 Poggianis
940 1338 1090 1427 epistulis
1113 1338 1264 1404 docuissem

150 1466 170 1508 a
213 1441 376 1508 Nrconso
418 1442 643 1509 Tasvnasnsr
688 1444 722 1508 in
768 1442 941 1509 Germania
985 1444 1211 1531 investigatum
1245 1466 1264 1510 a

150 1567 421 1616 crococcxxvnn
445 1549 583 1614 Romam
605 1551 801 1634 pervenisse,
823 1549 955 1615 lordani
968 1548 1099 1616 Vrsini
1124 1549 1265 1617 cardiudis

149 1658 299 1723 manibus
327 1657 492 1722 traditum.
539 1655 691 1722 Continet
718 1658 746 1723 is
774 1658 809 1721 in
832 1673 960 1722 cccvur
984 1657 1180 1724 membranis
1200 1679 1266 1742 prae

149 1767 199 1828 ter
231 1763 427 1847 posteriores
459 1762 587 1828 fabulas
617 1762 681 1828 XII
708 1763 761 1829 his
789 1764 987 1849 praemissas
1015 1764 1268 1851 Amphitruonem,

150 1869 355 1952 Asinariam,
392 1870 597 1936 Aululariam
638 1873 671 1935 et
713 1869 879 1935 dimidiam
920 1874 1048 1955 partem
1085 1869 1270 1956 Captivorum

149 1998 251 2063 usque
275 1976 315 2041 ad
338 1975 396 2061 III,
421 1977 499 2061 24:
523 1998 642 2040 vacuas
667 1977 803 2062 paginas
826 1977 926 2042 habet
949 2000 1048 2044 uuam
1073 1980 1106 2042 ct
1129 1977 1270 2043 dimidiam

149 2084 171 2149 f.
199 2083 241 2149 59
270 2083 305 2148 in
333 2083 397 2148 fine
425 2082 627 2167 Aululariae,
659 2104 716 2147 sex
750 2081 847 2148 ΗΟ.
871 2084 922 2149 71.
947 2084 989 2148 72
1021 2089 1100 2168 post
1132 2082 1270 2170 Captivos

149 2194 276 2275 partem
299 2189 438 2275 paginae
461 2188 483 2255 f.
498 2189 571 2254 rob
596 2193 673 2273 post
697 2189 944 2274 Amphitruonis
967 2189 1026 2275 IV,
1040 2193 1069 2257 2.
1100 2191 1182 2258 Eius
1203 2197 1270 2260 taut

151 2302 202 2363 est
220 2321 293 2364 cum
308 2296 337 2364 C
351 2296 538 2376 similitudo,
562 2301 683 2362 utnon
702 2297 807 2362 solum
828 2300 943 2381 aetate,
967 2298 1148 2382 scripturae
1171 2322 1270 2385 genere

149 2406 255 2471 forma
273 2405 535 2470 membranarum
553 2426 687 2489 prorsus
706 2402 837 2489 gemelli
856 2403 931 2487 sint,
955 2403 1127 2471 sedetiam
1146 2429 1270 2472 versum

150 2512 359 2577 distinctione
383 2513 433 2576 vel
456 2512 566 2596 potius
590 2533 656 2576 non
681 2511 834 2577 distincta
853 2512 1079 2597 continuitate,
1102 2519 1199 2600 atque
1218 2515 1270 2581 ade

152 2618 359 2683 multitudine
379 2640 530 2683 versuum
549 2618 583 2682 in
603 2619 740 2704 siugulis
760 2619 954 2703 paginarum
975 2620 1180 2704 scriptorum.
1204 2623 1270 2687 Eius

151 2727 223 2791 dem
252 2728 361 2790 autem
384 2724 550 2790 Vrsiniani
585 2724 740 2789 beneficio
772 2724 895 2809 patuit,
929 2748 1010 2810 quae
1039 2726 1166 2811 utrique
1195 2727 1270 2793 codic

151 2857 223 2899 eum
257 2832 376 2897 Vetere
410 2832 614 2917 cognationis
647 2831 731 2896 ratio
765 2832 986 2897 intercederet
1041 2832 1103 2909 Qui
1137 2857 1210 2899 cum
1239 2856 1270 2919 pe

151 2940 274 3023 primas
305 2938 488 3003 comoedias
520 2939 622 3004 multo
653 2961 749 3025 quam
780 2961 838 3022 per
868 2939 1065 3024 posteriores
1094 2940 1270 3007 constantio

153 3065 200 3110 Lu
233 3068 382 3110 versuum
413 3046 447 3109 in
478 3046 615 3130 singulis
645 3047 775 3131 paginis
807 3068 977 3111 numerum
1006 3050 1128 3131 servet,
1161 3047 1270 3113 totideu

152 3154 305 3237 apparuit
328 3151 539 3217 Vrsinianum
563 3153 597 3217 in
620 3153 705 3218 binis
730 3153 859 3238 paginis
883 3150 1017 3239 (quippe
1042 3176 1137 3219 senos
1162 3159 1195 3220 et
1216 3155 1270 3219 vioe

151 3283 212 3327 nos
235 3262 269 3325 in
294 3258 446 3345 singulis)
470 3261 666 3344 perscriptos
691 3261 857 3326 exhibere:
881 3261 927 3325 ita
950 3260 1081 3345 quidem
1104 3266 1141 3326 ut
1164 3261 1270 3327 tresis

32 3388 138 3428 xxxm
153 3370 246 3434 bulas
270 3366 559 3451 Amphitruonem,
582 3366 784 3452 Asinariam,
807 3367 1010 3432 Aululariam
1037 3385 1126 3434 LVIII
1158 3370 1270 3455 pagina

152 3476 295 3559 Veteris,
323 3475 460 3539 totidem
488 3479 596 3540 autem
620 3475 826 3540 membranae
849 3473 1016 3540 Vrsiniani
1041 3475 1182 3560 capiant.
1224 3475 1270 3551 Qu

153 3583 281 3666 quidem
306 3582 519 3665 congruentia
542 3582 799 3647 luculentissime
822 3582 981 3665 probatur
1004 3604 1043 3646 ex
1066 3605 1131 3648 nno
1155 3584 1270 3648 sonmo

153 3688 188 3754 B
207 3693 239 3752 et
257 3687 316 3753 01)
340 3709 495 3753 manasse.
524 3686 730 3752 Discriminis
755 3691 861 3751 autem
886 3687 1014 3754 interC
1034 3693 1067 3754 et
1090 3689 1125 3755 D
1147 3690 1211 3754 fere
1232 3687 1270 3750 hu

152 3799 280 3860 tantum
309 3793 495 3878 intercedit,
527 3794 612 3878 quod
640 3794 692 3858 hic
716 3797 750 3858 et
771 3816 837 3859 una
860 3816 957 3859 manu
982 3817 1083 3879 eaque
1107 3801 1159 3861 sat
1182 3813 1270 3879 aequa

154 3903 263 3967 biliter
287 3903 426 3986 scriptus
445 3905 505 3984 est,
529 3905 560 3966 et
580 3901 745 3985 aliquanto
766 3924 862 3986 quam
878 3901 905 3967 C
921 3902 1050 3987 saepius
1069 3902 1181 3967 eadem
1200 3920 1270 3966 maus

153 4009 237 4073 inter
256 4008 458 4073 scribendum
478 4010 648 4092 correctus,
668 4009 752 4072 etin
772 4009 942 4073 verborum
962 4008 1171 4076 distinctione
1190 4009 1270 4074 minu:

154 4117 304 4181 vitiosus:
329 4139 392 4201 quo
416 4120 565 4200 quartum
590 4115 651 4181 hoo
675 4117 808 4199 accedit,
832 4116 916 4200 quod
936 4118 1200 4200 compendiorum
1217 4110 1270 4179 scri

154 4223 250 4290 bendi
279 4224 389 4308 paullo
417 4222 616 4306 frequentior
644 4246 721 4288 usus
749 4224 783 4287 in
806 4222 841 4288 D
864 4228 914 4288 est
937 4247 1035 4308 quam
1059 4225 1111 4289 vel
1134 4225 1167 4289 in
1188 4223 1218 4288 B
1237 4239 1270 4284 re

153 4333 186 4396 in
211 4331 247 4415 0,
275 4332 310 4395 in
334 4330 450 4415 quibus
474 4334 603 4414 praeter
625 4354 650 4413 p
672 4354 729 4415 pro
753 4353 821 4415 quc,
860 4353 957 4421 ,apro
981 4353 1030 4416 oc,
1062 4332 1084 4396 ῑι
1105 4354 1163 4416 pro
1184 4350 1230 4395 scm
1248 4336 1270 4387 el

155 4460 236 4524 quae
256 4438 398 4503 eiusdem
418 4441 493 4502 sunt
512 4438 648 4523 generis,
671 4459 774 4522 pauca
793 4437 970 4503 illiusmodi
991 4439 1139 4526 exempla
1157 4430 1270 4504 exstant
