2836 5034
410 368 672 417 nnusnanours
697 366 907 416 parvumne.
1165 348 1229 415 467

126 538 210 581 aitas.
241 514 365 581 Contra
388 517 520 579 nimiam
545 514 797 597 vehementiam,
819 513 923 598 qualis
947 511 1153 596 anapaestico
1177 533 1233 575 nu·

126 643 182 685 ‚ero
207 623 315 705 aptior
338 626 438 703 esset,
470 622 539 684 visa
562 625 638 684 sunt
660 620 723 685 duo
748 621 956 703 anapaestica
977 618 1096 684 habere
1119 618 1234 683 iambi·

126 749 167 792 im
187 728 427 812 praecedentia:
451 726 534 810 qnod
559 726 828 810 quemadmodum
852 728 885 791 in
909 726 1045 790 senariis
1068 747 1234 809 perrarum

126 840 147 898 a
166 835 215 919 (ut
237 834 307 899 Mil.
331 834 356 911 l,
384 838 410 917 1,
432 833 500 917 31),
524 833 571 896 ita
594 832 692 897 semel
718 832 894 896 admissum
919 832 1026 897 estin
1051 833 1234 917 septenario

126 942 178 1007 rin
206 942 272 1006 918
299 941 424 1022 quando
451 941 563 1021 quma
589 941 718 1003 numiui
743 938 868 1024 mitis)
919 937 980 1003 Cui
1009 962 1074 1005 non
1103 960 1234 1022 prorsus

126 1068 154 1113 ar
178 1052 227 1114 est
255 1072 284 1113 v.
308 1049 371 1112 847
401 1048 456 1111 dat
477 1047 595 1111 bomini
622 1049 734 1112 rnismi
759 1047 840 1111 mab
867 1047 960 1130 [andi
987 1044 1124 1128 Trin.²]:
1158 1067 1232 1110 nam

126 1155 283 1241 bicumque
311 1155 549 1238 anapaestis-am
580 1155 687 1218 brevis
717 1176 777 1218 vox
807 1153 1035 1238 monosyllaba
1063 1151 1235 1238 praecedit,

126 1263 183 1327 eila
213 1262 352 1327 sentitur
379 1266 545 1345 tamquam
569 1262 601 1326 in
626 1283 722 1325 unam
739 1252 974 1345 ‘paeonicam
999 1262 1112 1325 ambas
1141 1282 1234 1325 voces
1255 1282 1392 1322 ccxxxiv

126 1369 268 1435 alescere
292 1367 546 1453 pronuntiando:
574 1368 737 1451 paeonicis
765 1374 872 1432 autem
902 1366 1032 1452 (utpote
1059 1366 1235 1450 dactylica·

126 1496 158 1543 m
177 1478 342 1543 rationem
361 1474 590 1559 aequantibus)
610 1474 636 1538 si
656 1475 823 1559 legitimus
842 1474 903 1539 fuit
926 1474 960 1538 iu
979 1475 1085 1557 prima
1108 1472 1236 1557 syllaba

126 1589 255 1665 o'entus,
282 1584 351 1648 fieri
375 1604 441 1648 non
466 1582 573 1666 potnit
595 1582 672 1665 quin
696 1604 768 1646 eum
794 1581 909 1646 ultima
932 1602 1060 1666 quoqne
1084 1580 1117 1645 iu
1141 1603 1235 1645 versu

126 1694 255 1779 ciperet.
302 1690 372 1768 Qua
400 1689 647 1754 ratiocinatione
676 1688 849 1752 identidem
877 1692 1006 1753 utemur
1034 1686 1130 1770 infra,
1162 1709 1236 1751 curn

126 1820 156 1865 na
175 1799 224 1862 rei
244 1798 293 1862 vis
314 1798 345 1861 in
366 1797 445 1881 ipsis
470 1795 661 1879 septenariis
684 1795 783 1859 latius
808 1792 983 1882 pateat**)
1031 1792 1077 1858 Vt
1099 1816 1165 1859 non
1189 1793 1235 1858 di-

126 1926 180 1971 raa
204 1904 336 1968 illorum
364 1903 419 1966 dot
444 1901 563 1965 leontini
586 1903 693 1966 virmero
716 1902 796 1966 anule
824 1901 908 1966 ratio
933 1902 976 1967 sit
999 1906 1096 1985 atque
1119 1900 1234 1965 borum

142 2011 267 2079 Bacch.
294 2010 341 2075 15.
365 2009 440 2073 446.
464 2011 523 2073 521
552 2010 618 2090 [48.
642 2010 715 2073 478.
739 2010 835 2091 553]:
868 2011 1040 2074 renumeret
1063 2009 1163 2089 sacidt
1189 2008 1236 2071 lu·

126 2142 171 2206 aa,
205 2118 367 2184 mallierebe
395 2116 493 2180 maai!
520 2119 639 2196 saleis,
671 2114 846 2181 botanae
873 2119 956 2181 sciuit
982 2116 1056 2199 sai,
1087 2136 1170 2201 quae
1197 2136 1236 2179 eo

126 2226 195 2295 lius
219 2223 408 2290 offensionis
432 2222 562 2305 habent,
585 2220 671 2306 <quod
694 2243 731 2286 eo
757 2223 890 2306 inleso,
913 2226 950 2287 nt
972 2223 1007 2288 in
1031 2223 1166 2288 senariis
1190 2222 1236 2285 di·

126 2356 204 2415 nus,
227 2330 385 2418 paeonica
407 2334 537 2393 netum
562 2329 693 2414 quidem
717 2330 820 2394 vitata
844 2335 928 2415 sunt,
952 2353 1024 2395 oiim
1054 2330 1095 2393 ab
1125 2333 1235 2412 oxyto·

126 2461 230 2507 cnon
255 2437 467 2520 excipiuntur,
490 2441 527 2499 ut
549 2436 700 2518 capitibus
721 2438 946 2521 quaestuosae,
970 2435 1166 2501 (lrte‘clsalum
1189 2457 1236 2498 me

145 2542 314 2628 Obriisalo,
342 2544 481 2625 diqitule‘s
504 2544 695 2625 quiniones
724 2544 837 2609 Bacch,
861 2545 935 2608 273.
959 2544 1034 2609 330.
1058 2543 1122 2607 638
1148 2543 1236 2622 [2305.

126 2656 162 2721 52.
187 2655 278 2733 blial.
301 2688 340 2696 —
367 2650 428 2714 Sed
453 2650 700 2733 spondiucain
726 2674 835 2715 vocem
858 2675 897 2715 uc
921 2658 995 2715 alite
1020 2650 1100 2714 duas
1125 2654 1235 2732 oxyto·

126 2782 148 2827 ω
170 2761 303 2845 quidem
328 2759 563 2821 trochaicorum
584 2758 745 2842 elegantia
765 2760 924 2842 probavit,
948 2782 1004 2822 nee
1026 2759 1113 2822 illins
1133 2779 1235 2820 exem·

126 2890 148 2933 ι
172 2867 235 2932 hae
265 2866 359 2946 duae,
389 2865 421 2927 in
452 2865 568 2946 quibus
597 2888 681 2927 nunc
710 2865 884 2930 subsistere
919 2867 1073 2949 solemus,
1106 2864 1236 2929 fabulae

126 2970 262 3041 lentinae
286 2973 443 3054 praebent
467 2977 593 3053 praeter
618 2972 681 3034 duo
706 2976 867 3055 corrupta.
905 2972 987 3036 Nam
1008 2975 1101 3038 illuni
1123 2996 1149 3037 v.
1171 2973 1236 3035 329

126 3082 212 3147 sitnm
242 3081 329 3142 όυιηε
356 3080 457 3141 aialim
485 3081 613 3142 aecumst
641 3085 740 3161 taciem,
768 3080 801 3142 in
830 3101 923 3162 quem
955 3080 1016 3143 iam
1047 3080 1097 3143 bis
1122 3079 1237 3143 incidit

126 3190 212 3271 ratio,
241 3209 326 3248 nnnc
356 3186 450 3249 tertio
475 3191 666 3269 argumento
692 3187 888 3270 intellegitur
912 3186 1127 3250 reiectaueum
1153 3209 1235 3249 esse:

126 3316 171 3361 iae
189 3302 298 3359 autem
319 3316 346 3355 v.
361 3294 424 3356 883
445 3287 530 3355 talum
547 3294 684 3372 qni-uubis
702 3294 835 3356 sereniora
855 3293 932 3356 acilii
951 3294 1111 3377 triplicem
1131 3299 1235 3357 traus-

126 3402 288 3467 usitionem
317 3400 485 3463 admittere
513 3401 681 3463 annotatio
709 3408 821 3464 nostra
849 3400 951 3464 docet.
1002 3400 1106 3464 Multo
1136 3401 1237 3484 igitur

126 3508 200 3574 dnus
231 3530 290 3592 pro
319 3506 459 3589 spondeo
491 3528 561 3570 esse
594 3507 681 3570 illum
710 3530 736 3570 v.
760 3506 898 3592 Dalm)
924 3512 1046 3590 potest,
1078 3507 1131 3570 ubi
1160 3531 1236 3591 oxy-

126 3634 176 3680 ina
201 3637 267 3681 non
299 3618 488 3696 sequuntur:
516 3616 544 3676 cl
570 3635 621 3695 epo
650 3615 737 3677 illum
766 3636 883 3677 nossent
905 3614 1051 3695 ‹qqeola
1081 3614 1132 3678 vel
1157 3614 1236 3679 adeo

126 3714 269 3804 epate
295 3722 369 3783 clare
396 3720 557 3799 eluctatam.
581 3742 610 3782 v.
635 3720 707 3783 898.
755 3719 801 3783 lle
826 3720 1006 3783 iambicis
1031 3726 1138 3783 alitem
1164 3744 1235 3786 euni

126 3870 279 3881 —„—-
298 3873 309 3880 ι

184 3954 209 4017 *)
231 3950 273 4003 Ad
288 3947 530 4017 anapaesticorum
550 3947 760 4002 similitudinem
780 3950 905 4018 proxime
924 3948 1058 4003 accedens
1077 3952 1236 4020 exemplum

126 4036 241 4096 sinnii:
261 4038 334 4106 qued
351 4054 436 4090 meum
455 4040 506 4090 aa
524 4038 554 4090 id
568 4042 709 4091 ericinam
727 4038 942 4107 transpositione
962 4037 1139 4107 removimus,
1159 4043 1237 4097 euius

126 4147 153 4200 p.
172 4129 237 4185 XVI
257 4127 330 4181 ratio
348 4124 479 4179 reddetur
498 4127 535 4194 [p.
558 4126 631 4196 490}

164 4216 207 4284 ⁸⁸³)
228 4216 327 4283 ltaque
350 4214 402 4267 atsi
424 4213 495 4266 nibil
513 4213 632 4283 impedit
650 4215 796 4281 quominus
815 4215 889 4271 Trin.
910 4234 934 4269 v.
955 4223 1005 4270 ⁸77
1025 4217 1152 4273 dicamus
1172 4240 1236 4276 ana·

126 4308 221 4363 antico
240 4301 417 4370 iambicoquc
436 4303 571 4357 vocabulo
590 4303 671 4370 finiri,
689 4305 782 4358 tamen
803 4304 904 4358 rectius
924 4306 1009 4359 etiam
1029 4309 1104 4362 exire
1124 4310 1151 4363 in
1173 4331 1236 4380 puu-

126 4396 203 4453 ieum
225 4411 289 4447 cum
310 4390 428 4444 iambico
447 4391 583 4446 dicemus:
602 4393 720 4446 bo'mines
741 4393 787 4447 ilbi
805 4393 925 4464 lqobite'nt
942 4401 1030 4463 pater.

144 4483 204 4551 Μ)
225 4481 281 4553 [Gt
301 4482 394 4534 annot.
414 4480 456 4535 ed,
475 4481 536 4550 alt]

970 4580 1023 4627 :lu‘
