2836 5034
224 100 290 164 230
530 114 737 163 nrsrvrarro
761 114 808 161 na
832 111 1064 161 xascnrnnrn

224 281 290 326 non
314 259 383 324 sine
406 260 515 343 aliquo
539 280 687 322 successu
711 257 814 322 etita
837 257 1039 322 emendatam
1063 276 1135 321 esse
1158 255 1293 337 arbitror,
1308 264 1338 324 ut

184 394 211 431 as
226 367 354 430 etiamsi
377 367 416 431 de
438 365 529 431 nulla
553 365 761 450 responsione
785 365 939 449 cogitem,
970 367 1081 429 tamen
1103 384 1171 430 non
1196 362 1339 430 ridearin

226 472 378 538 tollendis
402 473 558 539 librorum
583 473 671 538 vitiis
695 473 790 537 aliter
814 471 937 537 versari
960 493 1065 556 posse.
1106 469 1207 537 Mitto
1227 492 1341 537 uuntsa

227 580 461 663 commendare,
485 601 567 664 quae
586 601 659 643 cum
681 600 747 644 non
772 578 841 642 leve
864 581 1066 644 momentum
1085 578 1237 664 habeant,
1256 581 1342 644 tunm

227 710 285 753 sua
315 692 432 772 sponte
460 688 492 752 in
521 687 630 753 oculos
658 686 838 751 incurrunt:
871 688 1089 770 systematum
1115 685 1343 753 consulibua

226 795 276 860 rel
299 795 391 860 hiatu
414 795 467 860 vel
491 794 618 878 syllaba
641 794 781 877 ancipite
805 794 857 858 vel
880 794 990 878 aliqua
1012 793 1160 860 clausula
1182 793 1344 860 terminato

227 923 307 984 rum,
329 902 626 985 sententiarumque
645 900 792 965 membra
810 900 877 966 suis
901 901 1020 966 finibus
1039 903 1267 991 coartatamm.
1299 898 1345 966 sel

227 1030 309 1092 quae
334 1008 481 1092 inprimis
506 1008 637 1074 criticos
661 1009 818 1072 vexarunt
840 1029 952 1072 versus
975 1007 1019 1072 84
1042 1007 1154 1094 verba,
1173 1007 1214 1074 de
1236 1008 1280 1073 eis
1298 1028 1348 1073 non

227 1114 497 1200 improbabiliter,
515 1118 552 1180 ut
573 1118 736 1199 putamus,
760 1114 805 1179 sic
828 1111 1124 1201 ratiocinamur.*).
1165 1164 1172 1180 .
1213 1162 1223 1180 .
1260 1161 1269 1182 .
1303 1164 1312 1181 .
1343 1162 1351 1181 .
1402 1182 1416 1207 1,,

187 1249 213 1287 sa
317 1221 470 1306 Superest
497 1225 534 1286 ut
560 1221 599 1286 de
625 1220 782 1306 proximis
810 1221 945 1305 dicatur,
967 1221 1000 1285 in
1024 1219 1144 1305 quibus
1167 1244 1243 1289 cum
1265 1223 1354 1304 βρέμει
1398 1224 1416 1273 -ί

228 1329 397 1414 aptissime
417 1329 456 1394 ad
476 1329 570 1393 πεδία
589 1327 756 1409 referatur,
779 1331 915 1393 ποτᾶται
934 1327 1022 1392 nullo
1041 1327 1139 1394 modo
1158 1327 1237 1394 ferri
1255 1331 1358 1415 potest,

228 1437 275 1501 ita
298 1440 336 1500 ut
360 1440 416 1501 aut
438 1459 545 1500 errore
569 1435 714 1500 additum
738 1438 795 1499 aut
817 1435 924 1500 alieno
948 1434 1019 1500 loco
1038 1433 1198 1502 insertum
1218 1436 1363 1503 videatur.

229 1542 375 1619 Quorum
396 1543 458 1609 hoc
481 1543 612 1628 quidem
635 1545 706 1608 loco
726 1543 888 1627 posterius
907 1564 968 1607 usu
986 1541 1123 1628 venisse,
1146 1544 1212 1609 alia
1234 1543 1365 1629 quadan

228 1651 307 1715 licet
329 1651 459 1735 assequi
483 1651 767 1738 argumentatione
790 1673 829 1715 ex
852 1650 989 1716 metrica
1011 1650 1139 1717 ratione
1162 1651 1278 1735 petita.
1314 1650 1370 1728 Qui

230 1757 316 1822 enim
335 1780 362 1822 v.
382 1759 424 1823 89
445 1757 589 1823 adiectus
612 1763 663 1823 est
685 1758 823 1824 dimetro
842 1756 1033 1824 dochmiseo
1052 1757 1217 1841 bacchius,
1240 1758 1372 1825 eundem
1399 1816 1402 1821 .

231 1864 299 1929 veri
319 1864 424 1929 simile
443 1868 494 1928 est
512 1889 541 1929 v.
560 1866 603 1930 82
623 1864 787 1947 excidisse,
810 1886 907 1948 quem
925 1885 990 1928 non
1008 1864 1118 1950 inepte
1141 1865 1189 1931 ita
1213 1865 1375 1951 quispim

230 1971 346 2037 addere
373 1973 491 2057 possit,
520 1976 558 2036 ut
584 1972 711 2036 διώκων
738 1971 913 2056 participio
936 1971 1048 2038 itidem
1072 1952 1278 2058 oppositum
1289 1976 1377 2059 putat

231 2078 369 2143 alterum
393 2079 600 2163 participium
625 2077 772 2158 rrepdcuc.
809 2078 1016 2145 Probabilius
1040 2082 1149 2145 tamen
1173 2083 1225 2145 est
1248 2080 1318 2147 huc
1335 2100 1394 2172 rer

231 2186 314 2251 ferre
337 2184 425 2250 istud
449 2190 597 2265 ποτᾶται,
626 2186 712 2270 quod
740 2209 778 2251 eo
807 2208 902 2272 quem
925 2209 1011 2253 nuno
1033 2191 1123 2252 tenet
1145 2188 1218 2254 loco
1244 2196 1399 2274 proram,

230 2293 378 2378 ineptum
410 2291 463 2358 hic
495 2277 702 2376 aptissimum
731 2297 794 2373 est,
826 2293 921 2359 modo
954 2291 1094 2360 <trusbut
1125 2294 1161 2359 in
1192 2294 1214 2359 o
1250 2294 1382 2363 ’ναυδα

231 2402 448 2465 eonvertatur.

229 2553 442 2563 ———---—-

303 2630 331 2698 ²¹¹)
356 2629 447 2699 [Hanc
466 2628 722 2698 ratiocinationem,
741 2646 797 2698 qua
815 2629 984 2684 Riteohelius
1003 2629 1192 2684 coniecturam
1211 2647 1304 2701 snpra
1322 2648 1383 2702 pro·

232 2719 353 2788 positam
373 2721 556 2785 ἐλαειδέμνιον
575 2719 646 2773 πεδί’
665 2721 816 2773 ὁπλόκτυπ’
834 2721 885 2773 diri
903 2718 1029 2786 χρίμπτει
1048 2720 1116 2784 βοάν
1134 2719 1272 2791 firmavit,
1291 2720 1382 2792 Enga-

233 2825 279 2860 rus
306 2808 540 2875 quemadmodum
566 2809 595 2863 in
619 2808 723 2863 scholis
747 2825 764 2862 a
788 2810 970 2878 praeceptore
996 2808 1107 2879 publice
1133 2807 1280 2877 prolatam
1306 2827 1382 2866 acce

233 2896 277 2965 pit
302 2896 358 2952 suis
386 2898 476 2952 verbis
502 2898 530 2952 in
557 2897 676 2953 latinum
705 2913 860 2953 sermonem
889 2895 1035 2952 converfit.
1075 2895 1159 2951 Cuius
1179 2896 1385 2968 disputationis

235 3001 344 3039 summa
371 2986 441 3042 haec
469 2989 519 3042 est.
554 2988 711 3053 Ἐλεδεμνά(
736 2987 871 3042 traditum
898 2986 1049 3058 dupliciter
1070 3003 1127 3041 non
1151 3003 1212 3042 esse
1240 3004 1385 3059 graecum,

235 3075 472 3131 πεδιοπλόκτυποτ
495 3076 663 3132 vocabulum
687 3075 809 3130 mirabili
832 3092 944 3145 prorsus
968 3076 997 3130 et
1019 3075 1147 3130 inaudita
1169 3075 1283 3132 ratione
1312 3094 1385 3133 com-

233 3164 365 3234 positum,
387 3181 477 3236 neque
502 3166 627 3221 sufficere
647 3165 799 3220 Hermanni
818 3165 910 3232 (elem.
929 3163 955 3218 d.
975 3167 1056 3220 metr.
1075 3182 1102 3234 p.
1122 3167 1185 3232 269)
1206 3167 1284 3221 πεδί’
1303 3171 1386 3222 tulo

233 3256 344 3322 κτύποι,
364 3271 428 3309 cum
447 3262 559 3309 κτυπεῖν
574 3255 651 3310 nullo
670 3255 752 3309 modo
768 3254 861 3309 activa
880 3253 1085 3324 significatione
1104 3253 1160 3309 dici
1179 3254 1284 3324 possit:
1305 3272 1385 3326 prae-

233 3343 311 3397 terea
330 3345 381 3410 βοά
400 3343 540 3398 constanti
559 3345 704 3412 poetarum
724 3361 777 3397 usu
791 3343 941 3398 clamorem
956 3343 1090 3398 denotare
1104 3360 1156 3399 nec
1170 3346 1270 3399 tamen
1285 3347 1385 3415 aptum

165 3440 167 3449 ¹
234 3447 294 3486 esse
313 3432 350 3487 ad
369 3434 533 3503 equinarum
553 3432 700 3503 strepitum
715 3432 882 3502 ungularum
900 3432 946 3486 vel
965 3449 1105 3487 armorum
1124 3432 1278 3487 stridorem
1299 3435 1385 3506 signi·

234 3521 386 3576 ficandum:
406 3522 525 3591 denique
540 3539 652 3592 prorsus
666 3540 722 3578 non
736 3521 873 3592 intellegi,
893 3539 942 3576 cur
956 3521 1087 3591 strepitus
1101 3520 1183 3576 istius
1196 3520 1387 3594 descriptioni

233 3611 315 3663 tanta
327 3610 467 3666 tribuatur
480 3610 531 3677 vis,
546 3613 577 3663 ut
591 3627 641 3681 per
655 3613 711 3665 tres
721 3610 862 3681 pertineat
871 3609 1008 3665 enuntiati
1017 3611 1121 3679 partes.
1142 3612 1173 3664 ln
1184 3611 1387 3669 emendatione

234 3713 300 3752 vero
315 3698 546 3767 proficiscendum
560 3714 621 3753 esse
632 3700 667 3753 ab
682 3698 851 3769 optimorum
866 3698 1001 3754 librorum
1016 3698 1155 3769 scriptura
1168 3698 1196 3752 ri
1209 3700 1389 3769 χρίμπτεται,

234 3805 291 3855 qna
309 3790 360 3842 ὠτί
375 3789 490 3859 vulgato
506 3790 553 3842 ὠτί
567 3789 780 3858 praeferendum
794 3788 1016 3855 commendatum
1035 3786 1272 3857 depravationem
1287 3794 1387 3848 autern

236 3875 316 3929 huius
335 3878 451 3931 voculae
471 3878 506 3932 ad
526 3877 650 3946 proxime
669 3878 744 3947 quod
764 3877 904 3932 antecedit
918 3876 1085 3932 vocabulum
1103 3876 1275 3945 pertinuisse
1295 3879 1341 3935 ita
1359 3884 1389 3935 ut

235 3967 306 4020 πεδί’
329 3968 481 4021 ὁπλόκτυπ’
503 3966 631 4021 rideatur
655 3968 789 4037 scriptum
812 3966 897 4021 inisse
917 3965 1086 4034 antiquitus3
1112 3965 1222 4035 reliqua
1242 3967 1303 4023 iere
1324 3988 1388 4025 con·

237 4054 357 4110 acetaria
375 4071 435 4110 esse
454 4059 483 4111 et
507 4057 558 4123 βοά
583 4055 612 4110 in
636 4059 703 4122 βοάν
727 4056 891 4111 mutandum
915 4057 944 4110 ct
967 4057 1112 4123 ἑλεδεμνὰ(
1134 4055 1164 4110 in
1187 4056 1389 4125 ἐλατιδέμνιον,

237 4161 287 4213 pro
307 4161 361 4212 quo
380 4142 511 4200 librarius
535 4146 692 4211 ἐλεδέμνιον
713 4145 853 4202 invenerit
875 4147 904 4200 et
926 4163 958 4200 ut
976 4145 1096 4216 margini
1115 4144 1273 4215 ascriptum
1294 4147 1390 4204 alieno

236 4233 299 4288 loco
318 4233 524 4306 interposuerit.
562 4234 590 4290 C.
610 4234 668 4306 W.]
