2836 5034
489 122 720 170 nnrmmseus
744 122 870 170 annes.
1182 102 1248 170 635

18 290 37 337 ,·
107 266 297 351 magistrae,
324 265 494 330 mirificam
525 267 667 350 copiam,
697 267 901 350 varietatem,
924 265 1192 347 concinnitatem,
1215 269 1248 330 et

104 379 133 440 at
153 378 326 457 tamquam
350 372 389 437 de
413 372 484 436 viva
508 375 668 458 magistra
691 374 816 458 loquar,
839 360 1056 458 sapientiam?
1089 371 1151 437 Sed
1174 395 1248 437 eum

10 500 23 537 ι
49 550 54 555 ,
102 504 131 546 er
170 479 231 543 bae
258 482 365 564 parte,
391 501 473 564 quae
502 480 605 545 altera
633 485 683 544 est
707 502 744 544 ex
768 480 906 563 duabus,
934 480 1140 564 antiquitatis
1164 483 1248 544 trae·

10 632 20 642 -
101 588 188 655 tatio
201 609 251 650 me
265 586 370 651 iudice
394 593 533 671 aequet
555 588 779 653 tantummodo
795 587 931 653 aliarum
947 588 1127 653 litterarum
1141 587 1247 671 digni-

103 699 220 775 tatem,
241 697 356 756 eontra
380 715 417 756 ex
442 694 544 758 altera
569 702 661 778 [carte
685 717 777 759 suam
801 695 863 759 sibi
887 696 1124 779 praestantiam
1148 717 1249 779 quan·

10 818 23 855 '-
104 800 182 865 dam
200 801 341 865 vindieat
361 801 525 884 propriam
545 824 583 866 ac
600 803 807 885 peculiarem,
825 803 915 867 euius
931 804 1028 867 aliam
1042 803 1249 886 disciplinam

10 926 27 963 ι
106 906 228 971 nullam
252 908 378 991 patitur
402 909 564 974 vicariam.
602 910 709 993 Atque
728 910 808 975 haee
826 916 897 975 totu
916 910 1033 994 pendet
1056 932 1094 974 ex
1118 909 1249 994 linguis,

10 1036 25 1070 s
66 1060 69 1069 .
109 1012 307 1097 referturque
336 1019 407 1079 tcta
434 1015 474 1080 ad
503 1019 643 1080 mentem
671 1017 879 1082 excolendam
903 1015 1144 1101 aeneadumque
1167 1016 1250 1081 iudi·

32 1115 36 1121 ’
112 1120 204 1186 tium.
248 1122 531 1189 Hoeenimillud
557 1129 620 1207 est,
649 1125 821 1209 quodiam
850 1124 1065 1208 complurium
1093 1123 1250 1188 memoria

113 1229 322 1314 saeculorum,
354 1232 439 1316 quod
472 1234 545 1317 ipsa
574 1233 863 1297 contradicentium
895 1231 1037 1316 adeoque
1071 1252 1249 1317 repugnan-

10 1352 42 1397 Β
114 1334 193 1400 tium
222 1341 256 1402 et
287 1336 414 1404 diversa
451 1340 720 1405 substituentium
760 1339 929 1404 molimina
960 1342 1124 1403 testantur
1155 1338 1250 1423 longe

10 1474 16 1485 ·
118 1438 365 1509 luculentissimo
385 1445 587 1527 documento,
607 1450 643 1510 ut
661 1445 863 1529 exploratum
882 1444 1072 1508 habeamus:
1096 1447 1164 1507 tam
1183 1444 1248 1508 ido·

18 1548 61 1605 ’.ἱ
85 1584 89 1589 -
118 1564 212 1630 neum,
235 1571 332 1633 quam
354 1551 511 1634 liuguae
526 1551 668 1616 Graecae
685 1551 882 1635 latinaeque
901 1551 1138 1634 tractationem,
1162 1572 1249 1634 repe·

10 1670 55 1709 :a
120 1651 172 1718 riri
190 1658 336 1722 nullum
354 1659 615 1740 instrumentum,
641 1680 704 1743 quo
720 1664 856 1722 uisiturae
874 1656 1029 1722 beneficio
1044 1657 1134 1722 insiti
1149 1658 1250 1722 menti

10 1784 24 1799 ··
120 1756 240 1845 igniculi
268 1766 397 1831 cuncti
432 1767 610 1830 excitentur
633 1769 666 1829 et
689 1766 871 1847 l'oveantnr,
904 1769 1052 1849 rectoque
1076 1765 1252 1831 exereitata

10 1910 47 1922 -·
121 1871 272 1955 wffl'tandi
304 1873 531 1958 iudicandique
561 1873 700 1937 facultas
731 1874 771 1937 ad
803 1874 934 1958 quosvis
966 1873 1034 1938 sive
1064 1873 1150 1937 vitae
1183 1872 1251 1937 sive

13 1965 41 2013 .·
122 1968 287 2044 mesraim
319 1983 352 2044 et
381 1980 500 2045 artium
535 1979 816 2066 qualiumcumque
845 2002 921 2045 usus
954 1979 1170 2064 aequabiliter
1201 2000 1251 2044 ae·

126 2086 338 2151 ammonetur.
385 2085 484 2152 Cuius
508 2087 688 2152 sententiae
712 2087 882 2152 veritatem
911 2108 969 2150 nec
993 2087 1066 2151 volo
1095 2106 1192 2168 nune,
1216 2090 1252 2149 ut

127 2182 178 2254 lam
202 2194 239 2257 ab
267 2194 362 2259 initio
392 2194 588 2279 significavi,
615 2216 674 2258 nec
703 2195 729 2258 si
758 2194 854 2257 velim
884 2214 1018 2276 possum
1041 2214 1098 2275 per
1121 2190 1253 2276 singula

18 2322 42 2336 -·
127 2297 218 2379 eapite
243 2302 406 2384 persequi:
434 2323 492 2366 nee
520 2323 595 2364 vero
624 2300 738 2384 debeo,
766 2323 838 2364 eum
866 2298 948 2363 nihil
973 2297 1052 2361 mibi
1075 2296 1251 2362 seeundum

10 2400 16 2419 ⁷
47 2430 54 2441 ·
97 2444 109 2461 .-
128 2414 170 2481 H,
196 2426 273 2488 quae
305 2429 377 2471 eum
408 2429 506 2490 snpra
536 2407 715 2491 professus,
745 2407 810 2471 iam
841 2406 1001 2491 agendum
1033 2405 1089 2490 sit,
1121 2404 1186 2470 nisi
1216 2410 1261 2468 ut·

125 2522 219 2574 torum
242 2516 437 2578 sententiam
459 2519 627 2598 tamquam
650 2515 809 2597 interpres
832 2512 1040 2597 patefaciam,
1070 2534 1087 2576 e
1116 2533 1252 2596 quorum

124 2617 251 2682 consiliis
274 2620 371 2684 hodie
395 2621 512 2705 pendet
535 2622 718 2705 linguarum
738 2622 947 2705 antiquarum
966 2641 1037 2684 eum
1058 2618 1253 2683 scholastica

10 2708 49 2819 [F
77 2794 80 2799 Ι
120 2711 313 2792 institutione
337 2729 485 2793 societas.
523 2728 593 2803 Quo
618 2732 726 2791 autem
750 2729 818 2791 iure
843 2727 899 2810 sic,
921 2731 958 2790 ut
980 2726 1051 2809 feci,
1074 2725 1131 2789 illo
1156 2725 1251 2789 inter·

115 2827 212 2897 imile
237 2855 367 2899 munere
395 2836 523 2900 functus
548 2835 622 2917 sim,
651 2856 715 2898 non
740 2855 836 2919 aegre
860 2833 1045 2916 intellegat,
1073 2832 1128 2917 qui
1154 2869 1190 2879 -
1217 2835 1253 2896 ut

10 3020 15 3039 ι
112 2940 175 2992 u110
189 2944 334 3027 exemplo
350 2946 480 3007 utar-
495 2942 677 3025 praeclaras
698 2941 771 3005 illas
792 2940 956 3005 orationes
971 2939 1164 3022 recordetur,
1184 2938 1252 3023 qui·

22 2982 56 3091 ἒ
106 3022 166 3095 3¹¹⁸
188 3064 307 3133 nriper,
337 3073 409 3115 eum
434 3050 516 3132 apem
542 3048 772 3129 Franeogallos
796 3049 997 3132 publicarum
1022 3048 1105 3110 ratio
1129 3045 1252 3111 schola-

10 3138 50 3295 ε
97 3144 174 3248 “lm
189 3147 440 3239 disceptaretur,
460 3155 600 3220 eiusdem
617 3155 704 3218 illius
725 3156 891 3220 societatis
911 3153 1086 3217 salubritas
1106 3178 1126 3217 a
1144 3175 1252 3237 aripre-

10 3294 29 3321 ι.
89 3246 157 3303 ”¹¹⁸
172 3248 286 3341 Regis
306 3263 463 3326 ministris
482 3260 536 3348 (de
551 3263 697 3326 'Plricrsio
713 3263 916 3345 potissimum
932 3265 964 3324 et
978 3260 1115 3323 Guiaoto
1130 3258 1253 3345 cogito)

10 3370 17 3381 “
84 3350 398 3432 “mandabatur
420 3372 531 3431 tantae
551 3369 680 3451 quidem
700 3368 941 3450 intellegentiae
961 3366 1148 3449 luminibus,
1171 3389 1254 3450 quae

75 3456 149 3519 ‘¹⁰⁰
179 3469 304 3538 minuis
329 3474 500 3538 videbatur
523 3498 561 3538 eo
587 3476 617 3537 in
642 3496 759 3558 genere
783 3474 823 3537 ab
853 3473 932 3556 ipsis
959 3473 1177 3557 l'raneogallis
1201 3497 1253 3537 ex·

67 3556 246 3640 specim,
270 3604 373 3665 posse,
396 3604 434 3645 eo
456 3583 576 3646 nlaiore
597 3587 723 3646 nostros
744 3580 920 3665 legentium
939 3581 1065 3644 animos
1085 3580 1253 3664 voluptate

60 3660 140 3722 ”⁰¹¹
174 3674 326 3753 tantum
351 3688 465 3768 all’oeit,
490 3691 544 3752 sed
571 3712 642 3753 vere
667 3689 818 3771 perfudit.

169 3774 294 3859 Nune
316 3796 418 3879 igitur
440 3801 476 3859 ut
500 3801 680 3860 revertatur
700 3797 782 3860 irride
801 3797 931 3859 ‹lellcxit
949 3796 1063 3875 oratio,
1084 3795 1252 3879 quodiam

51 3856 175 3941 Video
204 3912 235 3954 ρ

49 3958 162 4041 ιῑὶῐιιε

47 4058 155 4157 logi

237 3901 445 3985 xplioandum
465 3925 545 3986 osso,
563 3903 624 3967 hoc
644 3908 693 3966 est
712 3903 892 3967 accuratius
912 3925 1007 3986 qnam
1029 3905 1125 3966 antea
1142 3900 1252 3964 defini·

190 4012 279 4079 ‘luo
296 4009 501 4074 necessitatis
521 4010 648 4073 vinculo
672 4009 926 4093 aritiquitatis
951 4008 1103 4072 tractatio
1127 4007 1252 4090 philo·

166 4111 238 4166 ⁰⁸
276 4116 482 4181 contineatur
521 4138 592 4179 eum
631 4121 775 4181 veterum
809 4116 1029 4200 linguarum
1056 4114 1253 4177 tractatione

13 4262 26 4273 -
48 4188 69 4231 Β
80 4194 102 4239 ⁰
152 4199 210 4266 ⁰1
220 4223 376 4288 aesica?
400 4221 486 4287 Nolo
498 4228 607 4287 alutem
623 4223 655 4287 in
670 4224 708 4287 iis
725 4222 805 4288 loeis
820 4224 947 4304 morari,
962 4221 1102 4307 quicum
1117 4219 1186 4284 fere
1200 4219 1253 4283 de.-
