2886 5032
137 294 179 358 62
456 312 540 358 vair
564 310 715 358 wasnau
738 309 802 358 sus
825 309 966 358 uocaus

137 450 193 503 iam
212 450 241 504 ni
260 451 343 505 fallor
362 469 450 506 annua
469 452 615 518 secundus,
635 467 698 505 cum
717 449 746 504 in
765 450 947 505 contubernio
966 465 1028 503 meo
1047 465 1158 504 mecum
1177 448 1286 520 degens

137 555 182 592 me
202 539 281 592 audis
301 539 458 609 diligenter,
477 541 609 594 observas
627 538 756 609 fideliter,
774 539 910 593 revereris
924 539 1059 607 amanter,
1077 537 1149 592 mihi
1163 536 1219 593 soli
1235 538 1288 593 das

136 643 251 696 operam
269 645 325 683 nou
345 628 488 683 assiduam
507 629 590 683 modo
610 627 659 682 sed
683 630 712 682 et
729 628 860 682 alacrem.
898 627 989 694 Quare
1008 629 1060 681 tua
1077 627 1132 682 hac
1150 625 1288 699 pervigili

138 732 204 770 cura
223 716 371 786 studioque
386 735 441 773 non
460 716 611 787 penitendo
629 715 659 769 in
677 719 737 770 tam
752 716 896 772 imbecilla
908 716 1054 786 presertim
1069 715 1162 771 adbuc
1176 716 1291 772 etatnla

136 807 231 860 tantos
254 805 311 861 iam
335 822 497 876 progressus
521 808 639 873 utraque
662 804 760 874 lingua
783 804 889 871 fecisti,
917 805 950 857 ut
972 802 1032 872 ipse
1051 821 1176 876 qnoque,
1206 805 1290 861 cuins

137 895 223 949 ductu
241 898 270 949 et
288 895 419 965 auspiciis
438 896 509 950 hacc
528 894 707 950 foelicissime
722 894 792 964 agis,
811 909 1010 961 nonnunquam
1025 894 1227 964 obstupescere
1244 911 1289 949 so·

136 984 211 1039 leam
228 987 258 1038 et
276 985 317 1039 ita
336 1001 442 1053 mecum
462 985 567 1040 tacitus
586 983 677 1052 loqui:

335 1092 357 1146 0
377 1092 462 1147 decus
480 1090 586 1161 ingenii
605 1090 828 1160 celebrandaque
847 1090 961 1145 nomina
978 1090 1078 1161 patris,

388 1180 441 1247 Qui
459 1180 585 1234 sobolem
604 1181 713 1234 tantam
733 1179 913 1249 progenuisse
932 1181 1035 1250 potest,

49 1262 123 1322 [ου’
333 1269 436 1324 Fausta
455 1269 514 1324 dies
534 1257 650 1322 nimiun'r
670 1267 760 1323 nitido
779 1269 952 1323 numeranda
970 1268 1077 1338 lapillo,

387 1357 464 1424 Quae
484 1357 527 1412 illi
545 1357 671 1412 nascenti
689 1356 797 1411 lumina
816 1357 907 1426 prima
925 1356 1010 1413 dedit.

136 1483 265 1553 Corporis
284 1485 313 1537 et
330 1482 462 1537 fortunae
481 1482 563 1551 bona,
581 1481 681 1550 quibus
699 1483 728 1536 te
748 1484 849 1536 natura
861 1480 1047 1550 pulcherrime
1066 1497 1099 1536 ae
1118 1481 1283 1537 eminentis·

143 1572 211 1627 sime
231 1571 353 1639 ornavit,
377 1570 491 1626 tametsi
510 1571 545 1625 ab
563 1570 598 1624 iis
618 1569 762 1640 contingat
781 1569 902 1638 aliquem
921 1569 1061 1624 interdum
1078 1569 1284 1640 gloriosissime

135 1661 257 1728 laudari,
285 1660 352 1729 quia
373 1662 467 1714 tamen
490 1677 572 1714 nemo
595 1659 695 1713 iustius
723 1658 869 1728 veriusque
888 1658 1017 1713 laudibus
1037 1659 1182 1714 extollitur
1201 1678 1288 1729 quam

135 1767 198 1805 cum
218 1767 235 1805 a
252 1749 332 1805 bonis
351 1748 439 1803 animi
457 1749 525 1816 (hoc
543 1750 587 1802 est
605 1747 640 1802 ab
668 1746 926 1803 honestissimarum
945 1763 1037 1801 rerum
1055 1748 1162 1817 studio,
1180 1748 1289 1820 ingenii

135 1836 289 1906 facilitate,
312 1855 419 1892 morum
438 1838 576 1893 suavitate
594 1837 759 1906 virtutisque
779 1841 809 1892 et
826 1836 974 1906 probitatis
992 1838 1222 1906 expectatissimas
1239 1840 1283 1895 in-

136 1929 210 1997 dole)
230 1928 347 1982 alicuius
366 1927 573 1982 commendatio
592 1930 688 1980 manat
706 1929 736 1981 ct
753 1924 946 1995 proficiscitur,
964 1925 1095 1981 hocloco
1117 1944 1289 1984 commemo-

135 2032 196 2071 rare
214 2034 271 2071 nou
289 2016 366 2072 libet.
400 2016 473 2083 Quid
492 2017 582 2070 dicam
603 2017 637 2071 dc
656 2016 807 2071 memoriae
826 2015 908 2069 huius
926 2016 992 2070 tuae
1010 2032 1098 2085 prope
1119 2016 1289 2074 incredibili

136 2104 282 2160 bonitate?
318 2106 389 2161 Tam
407 2105 482 2160 enim
501 2106 583 2160 facile
603 2105 696 2173 discis,
714 2108 773 2160 tam
792 2105 928 2160 tenaciter
946 2104 1090 2173 contines,
1108 2107 1141 2160 ut
1160 2106 1288 2162 omnium

136 2197 247 2249 tuorum
265 2194 531 2264 condiscipulorum,
550 2211 619 2264 qnos
637 2197 736 2249 nactus
755 2211 785 2248 es
803 2196 834 2248 ct
849 2193 1040 2249 nobilissimos
1059 2195 1089 2248 et
1107 2193 1286 2251 studiosissi·
1329 2234 1332 2273 3

136 2300 206 2351 mos,
224 2283 349 2338 unanimi
368 2301 503 2338 consensu
520 2283 702 2337 condiscere
721 2281 769 2336 sed
788 2281 929 2337 reminisci
943 2283 1036 2352 potius
1051 2282 1181 2339 videaris
1211 2283 1288 2350 Quo·
1322 2276 1332 2325 ''-

139 2373 213 2426 circa
230 2371 357 2427 multum
369 2373 435 2427 huic
454 2372 643 2442 prosperrimo
662 2370 896 2441 foelicissimoquc
916 2371 1071 2425 studiorum
1089 2373 1206 2427 tuorum
1225 2390 1286 2430 sue

137 2461 227 2515 cessui
246 2460 373 2531 gratulor
392 2460 509 2516 etmihi
527 2477 616 2531 aeque
635 2460 752 2530 gaudeo.
790 2459 832 2513 Ne
852 2459 963 2527 dubita,
987 2459 1025 2515 mi
1044 2459 1202 2516 bellissime
1221 2463 1286 2519 Ale·

136 2551 254 2618 rander,
276 2568 331 2605 non
354 2567 473 2620 parvum
496 2551 544 2605 sed
568 2549 672 2605 laboris
692 2566 725 2604 ac
743 2548 899 2602 honestatis
919 2549 955 2603 ad
974 2551 1003 2602 te
1032 2549 1284 2607 cumulatissimum

137 2639 288 2708 aliquando
307 2641 505 2708 perventurum
524 2638 674 2706 honorem,
697 2637 772 2706 quod
791 2655 808 2691 a
826 2639 938 2691 tuorum
958 2638 1117 2707 complexu,
1137 2655 1155 2693 a
1173 2640 1282 2710 patriae

138 2727 251 2793 deliciis,
271 2743 288 2781 a
306 2727 445 2782 sodalium
464 2726 569 2781 lusibus
584 2729 613 2781 ct
626 2725 761 2780 conviviis
776 2726 935 2793 ablegatus,
950 2743 1005 2779 non
1023 2727 1136 2794 quidem
1150 2730 1285 2784 mercium

138 2816 396 2871 commutandarum
420 2819 468 2871 aut
491 2814 612 2870 foenoris
636 2814 844 2884 multiplicandi
866 2814 963 2884 gracia
992 2815 1077 2883 (quod
1100 2817 1157 2870 iam
1180 2818 1285 2886 passim

138 2906 198 2959 fieri
215 2905 306 2972 solet),
332 2904 381 2959 scd
399 2906 432 2959 ut
450 2903 611 2973 politiorum
631 2903 786 2957 studiorum
805 2903 1007 2958 laudatissimis
1030 2907 1062 2959 et
1080 2905 1286 2974 probatissimis

139 2992 275 3047 institutis
294 2997 408 3047 ornatus
427 2995 457 3046 et
474 2994 572 3046 suctus
592 2990 724 3046 viaticum
744 2992 796 3046 tibi
815 2992 852 3046 ad
870 2995 1042 3047 senectutem
1061 3011 1210 3064 compares
1227 3013 1283 3051 non

138 3084 223 3151 ferro,
250 3099 306 3137 nou
334 3081 466 3151 flammis,
493 3097 550 3135 non
568 3080 687 3149 denique
714 3082 929 3150 tempestatibus
955 3081 1019 3136 ullis
1045 3083 1209 3152 obnoxium,
1236 3083 1286 3140 sed

138 3171 323 3238 liberrimum,
348 3171 520 3224 tutissimum
543 3172 628 3237 atque
647 3171 814 3239 perpetuum
838 3172 868 3224 et
889 3170 918 3224 in
942 3171 1018 3239 quod
1040 3171 1154 3226 fortuna
1171 3188 1284 3243 quoqne

137 3261 212 3331 ipsa,
240 3261 363 3316 omnium
386 3259 505 3314 aliarum
528 3275 620 3313 rerum
646 3258 759 3313 domina
777 3276 810 3314 sc
828 3258 1025 3328 dispensatrix,
1044 3260 1150 3314 nullum
1171 3263 1286 3317 omnino

138 3350 242 3404 babeat
259 3349 416 3420 imperium.
444 3349 508 3403 Nou
526 3348 602 3402 euim
620 3347 705 3402 facile
724 3349 786 3417 quis
806 3348 900 3417 eloqui
919 3351 1020 3418 potest,
1040 3366 1125 3417 quam
1145 3351 1217 3405 haec
1235 3351 1287 3406 hu·

139 3455 283 3493 manarum
297 3438 453 3494 litterarum
478 3439 507 3492 et
531 3436 707 3505 eloquentiae
732 3437 910 3492 ornatissima
934 3437 1156 3507 suavissimaque
1181 3439 1287 3509 studia,

140 3527 162 3581 si
186 3528 357 3598 pleniusoule
381 3530 456 3582 etate
479 3527 547 3594 istu,
576 3543 659 3596 quam
683 3530 715 3580 tu
738 3526 821 3580 modo
840 3524 924 3592 vivis,
953 3529 1088 3596 percepta
1105 3528 1134 3582 et
1152 3526 1289 3584 imbibita

140 3617 256 3684 luerint,
281 3620 417 3685 quantum
441 3615 585 3671 conferant
609 3615 646 3670 ad
669 3632 780 3670 omnem
803 3613 981 3684 disciplinam
1005 3619 1034 3670 et
1057 3615 1190 3687 precipue
1217 3618 1288 3673 iuria

56 3722 85 3749 ο·
104 3703 116 3730 ¹
139 3704 285 3760 scientium
304 3704 528 3775 percipiendam,
549 3706 684 3773 quantum
703 3705 863 3775 perceptam
882 3704 1012 3758 excolant
1029 3705 1175 3774 magisque
1194 3723 1287 3776 popu·

139 3795 226 3849 larem
249 3795 376 3849 reddant.
415 3794 590 3862 Quamquam
608 3794 680 3863 iam,
700 3794 724 3846 si
743 3792 796 3847 diis
814 3793 921 3862 placet,
941 3793 969 3846 iu
993 3794 1121 3848 omnibus
1139 3793 1199 3848 fere
1222 3795 1290 3851 aliis

138 3899 188 3953 per
206 3884 317 3938 diversa
336 3883 501 3938 Germaniae
524 3883 587 3938 loca
610 3881 730 3953 publicis
755 3881 908 3952 gymnasiis
927 3882 1042 3950 quidam
1061 3882 1240 3938 iactanticuli
1258 3887 1291 3940 et

139 3972 234 4027 stolidi
253 3988 346 4027 osores
364 3971 460 4026 nescio
479 3989 536 4040 qua
549 3988 638 4027 vanae
653 3971 787 4025 scientiae
802 3970 980 4040 persuasione
995 3970 1091 4026 confisi
1105 3969 1290 4028 maiestatem

139 4061 219 4115 latiui
242 4061 348 4128 eloquii
371 4078 404 4115 ae
428 4078 521 4116 sacros
539 4059 681 4116 Musarum
704 4060 796 4115 tontes
819 4060 940 4129 turpiter
958 4061 1064 4115 audent
1080 4059 1290 4128 reprehendere

139 4152 169 4203 et
186 4166 279 4204 morsu
298 4149 397 4205 canino
416 4150 553 4219 lacerare,
577 4150 623 4205 hei
643 4167 726 4218 quam
745 4151 850 4204 temere
875 4152 921 4218 (nc
945 4149 1036 4203 dicam
1056 4147 1152 4217 stulte)
1171 4149 1223 4204 hos
1243 4167 1288 4204 so-

139 4238 196 4292 lnm
221 4256 318 4308 sapere
342 4239 547 4308 existimantes,
574 4238 623 4308 qui
646 4238 815 4308 portentosis
837 4236 1003 4307 quibusdam
1027 4243 1056 4292 ct
1074 4254 1089 4291 e
1109 4235 1203 4291 media
1221 4238 1289 4293 bar-

31 4397 34 4405 Ι
138 4328 217 4383 baria
236 4328 418 4384 emendicatis
439 4328 581 4383 vocabulis
600 4328 641 4382 ita
659 4344 718 4381 rem
736 4326 827 4395 ipsam
846 4326 881 4381 de
895 4344 951 4395 qua
965 4327 1118 4396 loquuntur
1131 4325 1288 4381 involucris

139 4419 169 4473 et
187 4418 335 4489 enigmatis
354 4418 545 4486 distorquent,
568 4420 601 4470 ut
618 4415 674 4470 iam
695 4418 744 4470 aut
762 4416 887 4486 Sphinge
907 4418 956 4470 aut
974 4415 1118 4486 Oedipode
1136 4414 1182 4469 rel
1201 4414 1287 4472 Delio
