2886 5032
408 336 708 386 uasrmsmousu
731 336 804 385 uuo
827 318 1036 386 Idasmenus.
1230 318 1292 385 721

295 568 325 655 r)
347 569 403 634 lm
427 570 668 636 Prooemium
693 571 757 636 des
782 571 1040 638 Sommersem.
1066 572 1151 638 1856

421 710 560 799 (quaest
583 717 804 799 onomatolog.
828 713 1022 799 Plautinae).

238 854 361 921 Verum
384 855 465 920 satis
489 861 539 920 est
561 878 731 941 nugarum,
754 879 950 942 quamquam
975 857 1009 921 in
1028 877 1144 941 genere
1163 879 1227 922 non
1246 857 1293 921 in·

145 962 313 1027 fructuoso
345 983 513 1046 nugarum.
531 964 653 1040 'Quod
687 968 724 1029 ut
757 965 805 1029 ita
834 986 904 1029 esse
937 964 1029 1028 vobis
1061 962 1294 1048 persuadeatis,

145 1072 355 1152 mementote,
379 1070 617 1136 commilitones
641 1071 816 1153 carissimi,
841 1071 927 1154 quod
951 1069 1004 1134 diu
1029 1075 1080 1134 est
1102 1092 1175 1134 cum
1198 1071 1294 1154 longe

146 1175 326 1241 clarissimi
345 1178 394 1240 vir
413 1182 445 1240 et
463 1177 604 1241 nominis
624 1183 657 1241 et
676 1179 814 1261 exempli
833 1177 1065 1262 pronuntiavit,
1079 1198 1144 1241 nou
1164 1177 1294 1241 aliunde

144 1282 284 1348 discidia
311 1284 345 1346 in
373 1283 470 1348 rebus
498 1285 596 1368 longe
624 1285 825 1369 gravissimis
849 1285 987 1367 pendere
1011 1285 1074 1347 nisi
1099 1284 1140 1348 ab
1164 1283 1291 1368 ignora·

142 1392 235 1455 tione
261 1389 504 1474 grammaticae.
549 1389 675 1456 Valete.

291 1797 322 1884 s)
345 1798 398 1864 Im
422 1799 665 1866 Prooemium
688 1802 753 1866 des
778 1800 1040 1867 Sommersem.
1066 1802 1149 1866 1857

308 1939 361 2023 (de
385 1941 540 2027 Aeschyli
563 1943 598 2007 iu
622 1942 751 2028 Septem
776 1944 922 2008 versibus
941 1942 1142 2029 254-261).

232 2082 296 2147 His
324 2084 463 2149 feliciter
491 2089 527 2150 ut
555 2108 722 2169 speramus
753 2086 801 2149 vel
831 2086 946 2150 saltem
976 2089 1128 2169 optamus
1151 2087 1292 2170 peractis

145 2194 296 2274 superest
324 2196 361 2254 ut
388 2191 543 2257 instantis
572 2193 708 2257 aestatis
736 2192 853 2257 studiis
882 2192 1015 2275 vestris,
1046 2193 1293 2277 commilitones,

145 2296 366 2362 institutionis
399 2298 600 2363 academicae
633 2299 829 2363 luculentam
862 2298 1045 2362 ubertatem
1078 2298 1170 2363 illam
1209 2320 1292 2363 com·

145 2404 334 2468 mandemus
362 2426 459 2487 quam
490 2405 708 2470 subiectarum
739 2405 925 2469 tabularum
956 2405 1097 2469 varietas
1129 2427 1291 2470 commou-

144 2514 238 2594 strat,
263 2512 293 2574 ei
317 2516 426 2576 autern
451 2513 723 2577 commendationi
747 2513 882 2576 alteram
906 2512 990 2577 haue
1010 2513 1169 2577 sociemus
1188 2512 1292 2596 ipsius

143 2617 306 2703 prooemii
329 2618 433 2682 nostri
457 2618 570 2684 ducem
595 2622 692 2702 atque
716 2621 884 2703 comitem,
906 2641 970 2703 qua
994 2640 1111 2685 nervos
1135 2619 1292 2683 contineri

143 2725 169 2789 si
195 2747 262 2788 nou
288 2725 467 2808 sapientiae
491 2730 526 2789 at
548 2724 792 2806 intellegentiae
815 2724 942 2790 Siculus
966 2730 1063 2809 poeta
1086 2726 1182 2789 dixit:
1206 2730 1291 2805 νᾶφε

142 2832 197 2895 καὶ
221 2829 353 2909 μέμνα(’
372 2830 522 2911 ἀπιετεῑν,
546 2829 647 2911 ἄρθρα
671 2836 770 2896 ταῦτα
794 2836 860 2897 τῶν
883 2837 1023 2912 φρενῶν.
1065 2832 1189 2896 Valete.

290 3242 318 3326 t)
343 3241 396 3305 Im
420 3240 662 3306 Prooemium
685 3243 750 3307 des
775 3240 1037 3308 Summersem.
1064 3243 1148 3308 1858

342 3383 550 3469 (epimctrum
575 3385 613 3448 de
637 3384 794 3448 Varronis
819 3383 1100 3471 hebdomadibus).

235 3525 299 3591 Sed
323 3527 403 3591 satis
426 3532 459 3591 et
482 3527 660 3609 scripturae
684 3530 734 3590 est
757 3531 790 3591 ct
813 3527 1024 3591 coniecturae.
1057 3526 1147 3602 Quae
1166 3527 1193 3592 si
1212 3528 1289 3592 talis

140 3658 216 3701 esse
245 3633 486 3698 existimabitur
513 3655 609 3716 quae,
642 3636 716 3697 utut
743 3634 856 3717 suapte
885 3639 1002 3698 natura
1024 3633 1179 3718 ambigua
1202 3637 1234 3697 ct
1257 3634 1291 3697 iu

140 3741 270 3807 lubrico
294 3760 412 3824 genere
434 3740 572 3823 lubrica,
595 3760 653 3803 nec
677 3743 799 3803 temere
822 3739 1002 3803 harioletur
1025 3762 1084 3804 nec
1107 3740 1290 3824 petulanter

141 3848 329 3923 cavilletur,
361 3846 442 3909 satis
475 3867 546 3911 esse
579 3847 741 3910 consecuti
774 3846 868 3909 nobis
903 3845 1091 3911 videbimur.
1138 3845 1288 3911 Ceterum

141 3977 203 4020 vos
226 3953 334 4018 valete
353 3958 394 4035 et,
418 3957 575 4037 quantum
594 3975 651 4035 per
669 3953 828 4017 rationem
848 3952 931 4035 licet,
956 3957 1043 4017 certa
1060 3954 1170 4036 potius
1190 3974 1287 4035 quam

142 4060 272 4125 ineerta
296 4059 474 4123 sectamini.

716 4240 799 4248 n...—

200 4451 243 4488 FR.
262 4451 411 4487 BITSOEBLII
431 4450 564 4486 OPVSCVLA
582 4452 607 4486 V·
