2886 5032
194 320 259 384 644
571 331 808 380 nirmmscan
832 331 960 379 anons.

194 484 295 544 tatem
323 478 389 542 ullo
418 475 514 540 modo
538 475 709 540 exhaurire
733 474 878 539 animum
902 474 1099 560 induxerim,
1130 481 1167 542 nt
1187 483 1217 543 et
1236 500 1305 543 unam

194 590 323 652 tantum
351 587 478 668 partem
506 583 690 668 provinciae
719 582 956 667 dignitatisque
984 583 1202 667 amplissimae
1222 585 1306 670 tetige-

195 693 267 776 rim,
290 691 448 776 neglectis
471 692 511 755 iis
531 692 689 771 omnibus,
713 712 795 775 quae
820 711 839 753 a
863 712 935 754 meo
959 694 1061 774 captu
1085 692 1237 759 alieniora
1255 714 1305 757 cun

197 799 237 862 ad
270 797 439 880 religionis
472 797 593 860 cultum
627 795 843 881 ecclesiaeque
876 798 1019 863 rationes
1057 803 1128 864 tum
1163 801 1200 865 sd
1229 820 1306 866 rerm

161 932 182 969 x
198 905 394 970 modicarum
423 903 736 968 administrationem
764 909 927 988 spectant:
959 909 993 971 et
1020 906 1074 971 vel
1103 907 1142 971 de
1169 909 1223 972 illa
1243 911 1307 991 parts
1346 960 1348 973 .

196 1018 264 1077 tam
294 1010 479 1075 summatim
508 1010 658 1093 dixerim,
691 1014 728 1074 ut
758 1031 822 1074 non
853 1033 911 1076 vos
941 1012 1075 1079 edocere
1106 1015 1213 1098 potius
1239 1034 1305 1098 quan
1346 1088 1348 1097 Ι

197 1119 290 1203 quasi
314 1116 472 1181 scintillas
497 1117 653 1200 quasdam
678 1116 711 1179 in
734 1118 852 1181 vestris
877 1119 993 1184 animis
1016 1121 1160 1186 excitare
1177 1119 1309 1199 voluerim,
1346 1178 1348 1201 ,

197 1247 277 1309 quas
297 1227 406 1287 vestra
428 1244 505 1287 cura
523 1223 676 1287 foveretis
695 1227 868 1308 vestroque
886 1224 918 1288 in
940 1224 1011 1289 sinu
1031 1226 1117 1291 altas
1137 1227 1307 1292 exardescere
1344 1220 1348 1287 ἑ

198 1332 231 1396 in
260 1331 398 1395 clariora
424 1329 550 1393 lumina
577 1330 778 1413 pateremini.
825 1328 1026 1396 Confidimus
1056 1338 1168 1399 tamen
1190 1334 1261 1416 fore,
1283 1334 1308 1394 ut

198 1460 309 1503 eorum
338 1437 467 1521 aliquis,
496 1437 612 1522 quibus
641 1437 769 1502 haurire
799 1459 837 1502 er
860 1438 1066 1505 uberioribus
1090 1441 1234 1507 fontibus
1253 1442 1276 1505 h.
1291 1460 1308 1500 e.

198 1567 235 1608 ex
264 1546 342 1609 aclis
368 1544 457 1628 lieet,
491 1543 693 1609 admirabilis
717 1544 787 1609 Viri
817 1546 994 1612 memoriae
1018 1547 1164 1613 debitum
1186 1547 1308 1614 honorem

197 1651 362 1734 persolvat
384 1650 540 1736 Illiusque
564 1652 740 1737 imaginem
764 1653 936 1718 adumbret
957 1655 1097 1739 plenam,
1121 1656 1272 1736 sinceram,
1287 1654 1309 1714 et

197 1759 245 1821 ita
274 1757 315 1821 ad
343 1758 452 1822 vivum
481 1780 679 1843 expressam,
703 1762 740 1822 nt
769 1764 802 1825 et
823 1760 906 1825 iram
930 1764 963 1825 ct
986 1762 1131 1827 studium
1154 1762 1256 1847 procul
1272 1759 1308 1824 be

197 1863 287 1927 beat:
319 1885 422 1946 neque
451 1865 535 1929 enim
559 1851 609 1930 vel
639 1864 701 1930 hoc
724 1864 850 1949 indiget
871 1865 922 1929 vel
946 1867 1041 1931 illem
1064 1889 1142 1933 vera
1165 1869 1258 1933 virtus
1274 1867 1306 1928 est

198 1993 253 2035 cur
281 1971 478 2037 extimescat
524 1970 617 2048 Quod
646 1971 701 2055 qui
722 1972 756 2034 in
780 1992 814 2036 se
837 1973 1030 2056 susceperit,
1062 1974 1204 2039 dubitari
1224 1969 1305 2055 nequit

198 2077 277 2162 quin
300 2078 511 2162 plurimorum
536 2077 695 2143 desiderio
719 2078 890 2163 insigniter
913 2079 956 2143 sit
979 2080 1215 2148 satisfacturus.

664 2294 874 2303 --·----—.

757 2435 787 2500 4.

220 2577 356 2643 Oratio
388 2577 431 2642 ds
465 2576 758 2661 comparatione
790 2577 892 2641 inter
920 2575 1143 2644 Fridsricos
1172 2574 1291 2646 Guilel-

220 2708 298 2750 mos
322 2684 372 2748 III
396 2689 433 2748 et
455 2683 502 2748 IV
526 2683 769 2749 instituenda
790 2682 926 2747 habita
949 2682 1009 2747 die
1029 2683 1079 2748 Ill
1098 2678 1290 2771 mongunt

675 2813 702 2854 a.
729 2788 865 2874 1842.*)

146 2954 184 2992 111
286 2935 395 3000 Rediit
418 2934 473 2997 ille
492 2933 570 3015 dies,
593 2933 755 2998 auditores
775 2956 833 2997 suo
854 2934 990 3018 quisquc
1010 2936 1082 3001 loeo
1102 2923 1304 3022 spectatissimi

199 3063 293 3125 quem
331 3064 403 3105 cum
441 3041 520 3105 olim
558 3040 766 3105 habuerimus
804 3042 983 3106 communis
1016 3043 1161 3110 laetitiae
1192 3043 1303 3109 indicem.

197 3147 287 3211 brevi
310 3170 347 3210 ex
372 3152 517 3232 tempore
541 3132 731 3212 conversum
760 3149 793 3211 in
816 3148 919 3213 tristis
943 3148 1095 3215 desiderii
1119 3154 1246 3238 piaeque
1264 3162 1304 3210 ut

198 3255 319 3316 moriae
342 3259 461 3318 testem
485 3255 639 3319 dolemus.
672 3254 716 3317 Et
739 3276 851 3318 sensus
877 3255 1006 3338 quidem
1030 3256 1084 3322 bic
1108 3260 1242 3324 omnium
1261 3243 1304 3316 ofll'

198 3361 259 3423 mis
288 3361 405 3424 infixus
428 3384 494 3425 non
519 3367 589 3425 erat
612 3360 758 3443 profecto
782 3363 955 3426 verendum
979 3385 1020 3428 ne
1045 3387 1199 3448 umquam
1220 3354 1303 3427 erstifl‘

286 3555 311 3623 *)
337 3554 380 3625 [ln
403 3553 546 3623 publicum
570 3554 626 3607 iam
651 3553 755 3622 prodiit
778 3554 848 3606 haec
871 3554 961 3608 oratio
984 3557 1124 3622 prooemii
1148 3559 1229 3612 instar
1247 3533 1303 3605 inllll

198 3642 356 3697 scholarum
376 3642 563 3695 Bonnensiom
584 3641 762 3695 hibernarum
783 3657 807 3697 a.
819 3654 1061 3698 mmccccxxxxn
1076 3648 1106 3699 et
1120 3659 1236 3701 xxxmo
1251 3642 1303 3709 pre*

197 3733 253 3784 fixa
271 3731 314 3784 his
334 3730 447 3800 quidem
465 3729 626 3799 praemissis
641 3730 745 3784 verbis:
767 3728 973 3784 ‘Prooemiandi
988 3750 1051 3787 eum
1065 3735 1216 3790 necessitas
1228 3714 1302 3796 urg?⁸1¹

198 3821 271 3875 desit
289 3820 387 3887 otium,
405 3822 518 3888 praeter
536 3819 764 3874 consuetudinem
783 3821 907 3874 nostram
923 3838 978 3875 non
992 3838 1008 3875 e
1023 3825 1215 3879 communibus
1231 3803 1301 3874 ΗΜ*

197 3911 286 3980 petito
306 3909 444 3963 scribendi
463 3910 628 3978 argumento
648 3909 676 3962 in
695 3908 845 3962 recolenda
860 3910 996 3964 memoria
1015 3911 1110 3967 Rno1s
1125 3899 1301 3968 Aron-snas&

198 4000 266 4054 Divi
287 4000 444 4052 Firmemus
464 3997 618 4051 Gvrnannn
638 3998 677 4050 ΙΙΙ
701 3998 806 4051 versari
832 3999 921 4052 visum
945 4002 996 4054 est.
1035 4002 1163 4072 Accipite
1181 4000 1258 4070 igitur,
1271 3992 1300 4072 ⁶⁸1

198 4089 300 4143 rissimi
319 4088 533 4154 commilitones,
553 4088 658 4141 chart-is
678 4088 849 4157 consignata,
869 4105 941 4156 quae
961 4089 990 4143 in
1005 4089 1085 4143 Illius
1105 4090 1212 4145 landem
1228 4067 1293 4142 simpl

199 4180 267 4233 citer
286 4180 315 4233 et
333 4177 520 4247 populariter,
550 4194 606 4232 non
626 4176 800 4231 ambitiosius
820 4176 954 4246 quaesitis
973 4179 1109 4234 orationis
1129 4166 1299 4234 luminibus*

198 4267 223 4320 d.
244 4267 282 4319 ill
301 4267 371 4322 Non.
392 4268 462 4335 Aug.
483 4282 576 4319 eoram
595 4265 674 4320 robis
693 4265 825 4319 diximus:
850 4265 998 4320 intuemini
1021 4266 1255 4337 praeclarissimum
1269 4256 1298 4298 ‘¹'

199 4356 335 4424 emplum,
363 4354 543 4410 aemulamini
570 4356 715 4424 (quantum
742 4354 854 4422 quidem
882 4353 1040 4424 principem
1068 4356 1201 4412 aemulari
1224 4337 1297 4404 ,istu

199 4447 383 4512 concessum),
402 4442 567 4511 virtutisque
586 4443 664 4496 illinc
683 4442 895 4496 incitamentum
915 4443 1013 4512 petite.
1052 4446 1171 4502 Valetess
1206 4422 1274 4495 fill-l
