2836 5034
274 304 340 368 490
560 317 822 366 rsonnconuns
846 316 893 363 nn
917 314 1132 362 numeremus

273 462 386 548 cerff),
414 462 494 527 orale
518 462 612 545 facis,
639 461 720 524 ortale
742 459 887 543 romulu,
915 457 972 523 ubi
995 457 1159 523 contraria
1180 458 1247 522 berre
1264 465 1292 523 et

275 594 340 655 qua
362 573 471 634 tamen
494 570 574 633 mole
596 567 729 632 notione
753 567 852 631 semel
881 566 1011 630 intensa
1034 587 1102 630 non
1125 587 1205 649 opus
1226 571 1288 630 erat

154 703 257 744 couxn
275 678 377 742 altero
405 676 522 742 male
513 700 545 741 m
574 675 640 739 arsi
663 674 780 759 posito.
826 671 865 737 V.
889 674 954 737 676
978 672 1057 735 ferri
1079 672 1173 736 nullo
1194 672 1282 737 modo

252 768 307 850 in
334 783 421 847 thesi
449 783 610 848 elevatum
636 801 752 864 aum:
781 780 898 844 Tum
886 781 942 862 epil
943 802 981 842 ur·
1009 780 1068 844 tibi
1095 801 1194 861 uqsue
1220 783 1296 844 crit

274 891 330 954 ubi
354 911 427 955 cum
451 889 617 974 oppositio
641 887 732 953 fiat
722 887 867 974 igniret
885 908 999 970 aquae,
1027 887 1232 952 scribendum
1250 910 1296 950 era

273 999 371 1080 ipit-ter
402 997 520 1078 siquae
551 997 610 1060 crit
641 996 699 1060 tibi
729 996 846 1078 capulo.
893 993 933 1058 V.
957 994 1022 1059 683
1055 1014 1073 1057 e
1104 993 1210 1057 tribus
1242 994 1296 1058 coll

274 1104 378 1169 modis
406 1126 489 1168 unus
516 1103 545 1168 is
573 1102 693 1168 rationi
721 1106 883 1188 repugnat
910 1123 1007 1185 quem
1035 1100 1112 1165 libri
1140 1100 1296 1185 prodiden

273 1215 324 1275 ure
343 1213 451 1276 ammte
473 1212 582 1294 oderit
605 1233 681 1274 nam
705 1232 760 1274 cur
784 1208 889 1273 oderit
910 1208 1136 1291 Lesbonicum,
1159 1208 1210 1271 rel
1233 1229 1296 1272 nun

274 1341 408 1383 caussae
440 1318 543 1384 sorori
576 1321 639 1381 est:
679 1316 764 1400 quod
798 1318 863 1380 iam
896 1315 1075 1380 curandum
1107 1319 1159 1380 est
1187 1315 1282 1379 fratri

216 1492 219 1497 ,
274 1426 391 1490 merito
421 1425 484 1490 sibi
515 1424 653 1489 accidat:
686 1423 838 1508 quocirca
870 1427 928 1487 aut
957 1422 1064 1487 ructito
1095 1427 1130 1486 ut
1147 1428 1206 1486 'ure
1236 1424 1296 1487 ode

274 1531 385 1615 paullo
416 1529 594 1615 simplicius
623 1535 659 1594 ut
687 1531 795 1594 rrcerito
825 1551 873 1594 me
901 1530 998 1593 oderit
1027 1550 1100 1593 cum
1130 1528 1296 1594 Hermann

274 1637 424 1702 bandum.
469 1636 509 1701 V.
533 1637 596 1702 687
622 1637 819 1702 tralaticium
844 1638 987 1702 ordinem
1012 1641 1114 1721 Atque
1139 1659 1209 1703 euru
1237 1660 1295 1720 apr

272 1746 381 1810 lubere
402 1766 497 1826 quum
520 1750 547 1809 te
569 1749 698 1810 recusat
720 1745 927 1810 obscuratum
950 1767 1006 1829 mc,
1030 1745 1161 1831 quod'
1136 1768 1182 1810 src
1202 1750 1257 1808 ext
1244 1745 1296 1808 tlol

274 1852 525 1936 pronuntiando:
545 1827 647 1934 Ᾰῒᾳιιε
664 1873 733 1916 euru
751 1854 807 1916 erc
821 1874 932 1936 apuam
949 1853 1058 1918 babere
1074 1873 1168 1935 quum
1189 1857 1225 1915 le.
1231 1849 1280 1936 ³⁸)

274 1963 307 2022 et
338 1958 431 2022 valde
464 1959 670 2024 invenustum
705 1963 756 2024 est
790 1964 824 2025 et
855 1960 934 2024 artis
968 1982 1081 2044 expers
1111 1960 1195 2042 qaod
1225 1980 1294 2022 mm

273 2068 509 2149 irruiturum,
536 2067 587 2130 cui
616 2088 711 2132 nemo
739 2088 806 2132 non
835 2067 935 2131 sentit
963 2088 1059 2150 quam
1087 2070 1235 2150 praestet
1263 2089 1296 2148 qr

274 2175 374 2239 tractore
402 2174 496 2258 [qaod
522 2179 652 2238 evermu
673 2172 802 2256 Trin.²],
831 2175 865 2238 id
886 2177 945 2238 erit
966 2179 1060 2238 tcum.
1107 2171 1177 2236 Nec
1202 2173 1296 2237 defen

272 2281 372 2346 habet
396 2305 424 2347 v.
444 2282 509 2347 814
528 2280 669 2363 Adferre,
692 2281 756 2345 ario
775 2286 876 2364 petere
897 2281 947 2345 lu'e
968 2302 1000 2344 se
1017 2281 1100 2363 ilicet,
1124 2302 1191 2362 qua
1210 2281 1296 2344 collo

272 2388 335 2472 ipsi
363 2388 453 2453 nervi
481 2388 701 2473 infringuntur
729 2389 923 2472 sententiae,
956 2387 1011 2472 qui
1039 2386 1278 2451 contrariorum

274 2500 306 2558 et
327 2500 430 2577 petere
457 2496 661 2579 oppositione
691 2497 909 2562 continentur:
941 2496 1022 2559 unde
1050 2516 1067 2558 e
1095 2499 1254 2578 quattuor
1278 2520 1296 2558 c

273 2602 385 2665 dorum
410 2602 581 2665 verborum
604 2603 769 2685 exemplis
793 2625 929 2685 quorum
952 2603 1077 2666 nullum
1102 2601 1296 2664 reiecturus

273 2710 356 2771 xime
384 2709 550 2792 probabile
579 2709 771 2793 delegimus:
795 2711 917 2788 udfcr‘rre
939 2709 1000 2793 luc,
1024 2710 1084 2773 nou
1107 2711 1278 2789 repetere:

272 2837 303 2879 sc
329 2816 391 2898 lu'r,
418 2838 481 2879 nou
503 2818 619 2896 pulcre:
648 2818 779 2900 adsere,
807 2817 869 2880 riou
887 2839 917 2880 se
939 2817 987 2879 liic
1004 2819 1120 2898 patere:
1149 2818 1286 2896 adferre,

267 2925 367 3003 ymbre
390 2921 519 3006 luc.***)
556 2923 703 3006 Denique
724 2923 787 2987 iam
808 2945 898 2987 meae
918 2946 968 2986 me
988 2924 1162 2987 modestiae
1188 2924 1296 3004 paenil

272 3052 300 3091 v.
321 3031 383 3093 857
405 3030 570 3111 servavi†)
590 3030 674 3112 quod
695 3030 728 3092 in
752 3031 843 3094 libris
868 3036 928 3094 est:
960 3006 997 3093 Vt
1020 3031 1071 3102 illc
1093 3051 1140 3092 suc
1169 3032 1296 3092 ecorrair

271 3156 341 3200 sum
363 3137 499 3199 orruitus.
541 3134 653 3219 Neque
678 3137 763 3200 enim
787 3136 849 3200 hoc
872 3138 951 3202 dicit
974 3137 1184 3221 sucophanla,
1207 3160 1277 3201 non

273 3242 368 3304 modo
393 3246 541 3306 ornatum
566 3265 636 3305 esse
661 3266 757 3325 quam
782 3267 845 3327 quo
870 3245 911 3306 ab
942 3244 997 3307 illo
1021 3249 1195 3308 exornatus
1226 3247 1285 3325 sit,

272 3348 333 3411 hoc
357 3350 477 3431 potius:
509 3349 560 3413 ‘ut
589 3372 638 3412 me
667 3354 817 3413 ornatum
847 3351 974 3433 vicletiS,
1004 3351 1049 3413 ita
1072 3351 1119 3414 ab
1149 3352 1222 3414 illo
1249 3376 1296 3415 ex<

272 3455 360 3518 sum’
385 3456 415 3519 h.
435 3480 460 3519 e.
485 3455 565 3520 ‘nen
590 3480 678 3520 meus
703 3458 755 3520 hic
780 3461 913 3521 ornatus
937 3461 987 3520 est
1010 3459 1064 3521 sed
1089 3459 1188 3541 illius,
1213 3466 1253 3522 ut
1278 3484 1295 3523 e

272 3566 383 3626 uatum
408 3565 435 3626 si
459 3564 612 3647 vendam,
635 3564 726 3627 illurn
752 3587 770 3627 a
794 3588 857 3647 quo
882 3565 988 3648 accepi
1013 3564 1105 3628 ludos
1128 3565 1254 3630 faciam
1280 3591 1296 3630 c

140 3704 257 3744 cmm
272 3669 444 3766 phantiose
464 3669 720 3735 circumducam.'
753 3670 843 3746 Quod
865 3678 900 3735 ut
919 3672 1165 3755 intellegeretur
1185 3675 1296 3738 omniu

272 3777 375 3840 ordini
399 3779 471 3840 Ille
494 3780 540 3840 uti
563 3800 609 3841 νην
632 3779 795 3842 exorauerit
814 3802 878 3841 non
898 3781 931 3842 in
950 3778 1161 3842 annotatione
1182 3784 1296 3844 tantur

272 3882 455 3946 debebatur.
503 3885 626 3947 Contru-
655 3885 783 3947 illorum
813 3886 972 3968 exemplo,
1001 3908 1082 3967 quae
1111 3892 1189 3950 sunt
1218 3893 1296 3969 quid

379 4077 405 4142 *)
426 4077 513 4145 [Bene
531 4095 609 4144 quom
628 4078 742 4132 elocutus
760 4080 849 4143 siiccrc
867 4080 934 4131 arilei
953 4086 977 4131 te
997 4120 1002 4130 .
1023 4118 1028 4128 .
1048 4078 1152 4150 Trinl]

360 4164 400 4232 **)
422 4166 464 4234 [ln
483 4166 525 4220 ed.
545 4168 593 4220 alt.
614 4168 648 4221 de
672 4185 731 4221 eum
751 4168 869 4222 delendo
894 4167 1062 4221 Ritscbelius
1081 4168 1235 4239 cogitarit,
1257 4177 1290 4227 ut

341 4255 398 4322 *⁸*)
419 4255 462 4325 [ln
486 4256 528 4310 ed.
548 4257 596 4309 alt.
622 4274 684 4309 cum
707 4256 887 4310 l'leclreiseuo
911 4273 967 4311 eron
989 4273 1016 4310 ce
1034 4262 1126 4324 petere
1145 4259 1214 4314 binc
1235 4264 1293 4316 scri

269 4342 348 4397 dens:
370 4344 434 4396 ‘vix
454 4343 545 4397 minus
567 4347 642 4397 recte
661 4361 716 4398 uon
735 4362 762 4398 sc
780 4346 844 4398 hiae
862 4350 949 4412 petere
967 4345 1131 4415 conlucea’]

377 4437 405 4500 †)
426 4431 567 4501 [Servavit
586 4433 754 4487 Ritschelius
774 4435 858 4488 etiam
878 4435 906 4487 in
926 4435 968 4488 cd.
987 4435 1048 4504 alt]
