2886 5032
124 389 130 401 ,
148 317 213 382 762
641 329 796 378 annuus.

706 475 735 541 6.

146 618 379 704 Einleitung
402 639 446 683 zu
464 616 545 682 dem
565 616 790 702 Programm
804 614 992 682 ‘Canticum
1006 615 1261 681 Menaechmcrnn

551 724 736 791 Plautinae’
759 725 884 811 (1851).

237 866 452 934 Coniunctam
476 869 554 933 iuris
579 870 802 935 consultorum
825 869 1133 954 philologorumque
1154 888 1257 952 operan

147 998 221 1041 cum
255 977 338 1042 aliae
373 1000 489 1043 scenae
515 972 686 1044 Plautinae
724 979 892 1063 postulant
924 978 964 1043 ad
993 977 1082 1061 leges
1109 981 1141 1041 et
1166 973 1258 1039 iudicia

148 1089 345 1168 spectantes,
376 1090 446 1150 tum
479 1085 688 1150 memorabile
716 1085 751 1149 in
774 1087 839 1152 hoc
868 1107 986 1172 genere
1013 1085 1169 1151 canticum
1194 1081 1258 1168 quod

148 1194 199 1255 cst
225 1191 258 1256 in
282 1191 504 1257 Menaechmis
531 1196 592 1256 act.
614 1191 661 1255 IV
689 1213 731 1257 sc.
765 1192 794 1258 2.
841 1191 932 1269 Quod
961 1214 1034 1257 cum
1057 1213 1116 1256 nec
1137 1188 1258 1275 probabi·

147 1297 221 1363 liter
243 1299 406 1365 emendari
430 1300 498 1364 sine
523 1300 737 1384 explicatione
760 1300 866 1384 possit
887 1322 947 1364 nec
970 1300 1040 1364 sine
1063 1298 1258 1365 emendatione

148 1406 325 1472 satistuto
350 1406 512 1492 explicari,
537 1411 645 1472 tamen
670 1407 710 1472 ab
736 1408 891 1473 alterutra
913 1411 1005 1492 parte
1029 1430 1100 1475 esse
1122 1406 1259 1473 exordien-

148 1513 224 1578 dum
253 1519 397 1599 apparet.
443 1514 490 1580 Vt
517 1515 618 1599 igitur
640 1514 797 1596 habeant,
821 1515 875 1580 ubi
899 1538 959 1580 nos
984 1516 1168 1601 philologos
1189 1513 1261 1580 edoc-

146 1621 212 1685 turi
240 1623 351 1706 paullo
380 1622 593 1688 confidentius
623 1643 719 1706 quam
747 1621 781 1685 in
804 1622 964 1687 tralaticia
989 1625 1150 1707 scriptura
1171 1621 1262 1708 peden

149 1729 253 1815 figant
272 1729 351 1794 iuris
370 1729 476 1815 periti,
498 1752 564 1794 non
583 1729 791 1794 reformidato
812 1729 940 1795 errandi
960 1730 1102 1815 periplo
1121 1731 1263 1813 nosipsos

147 1837 254 1901 visum
277 1839 328 1900 est
351 1834 459 1919 aliquo
484 1838 630 1921 exemplo
654 1837 775 1917 docere,
798 1858 862 1921 qua
885 1836 952 1902 fere
976 1838 1031 1903 via
1054 1862 1125 1903 cum
1149 1862 1166 1903 e
1186 1837 1264 1919 scrip

146 1948 255 2007 torum
284 1941 441 2007 librorum
470 1945 626 2010 memoria
655 1947 725 2009 tum
754 1967 771 2009 c
800 1944 953 2011 metricae
976 1947 1180 2031 potissimum
1202 1942 1264 2009 artis

147 2049 329 2113 rationibus
349 2049 388 2114 ad
403 2049 563 2114 saniorem
578 2049 716 2114 formam
732 2050 876 2116 Plautini
894 2075 1006 2118 versus
1025 2076 1096 2118 esse
1114 2049 1264 2117 revocandi

146 2154 323 2221 videantur.
369 2156 519 2221 Facimus
544 2157 707 2222 autemid
732 2158 792 2240 ita,
822 2162 859 2223 ut
881 2162 994 2224 nostra
1018 2162 1201 2226 coniectura
1220 2177 1266 2243 pro

146 2265 231 2330 virili
262 2269 355 2351 parte
382 2266 564 2330 instaurato
594 2264 796 2330 Menaechmi
824 2267 973 2355 sermoni⁶
994 2289 1106 2332 eorum
1134 2267 1268 2344 codicum,

146 2395 324 2456 equorum
347 2373 408 2437 fide
433 2372 613 2437 emendatio
639 2371 747 2436 Plauti
771 2373 877 2437 omnis
901 2374 1027 2458 pendet,
1052 2373 1268 2461 discrepantias

146 2479 215 2546 sine
239 2501 426 2547 caussarum
450 2480 652 2565 expositione
676 2479 882 2546 subiciamus.

706 2770 734 2833 7.

191 2911 366 2977 Vorwort
389 2937 430 2977 au
456 2913 536 2978 dem
561 2912 786 2996 Programm
811 2911 997 2976 ‘Canticum
1021 2912 1236 2978 Mostellariae

550 3019 735 3084 Plautinae’
761 3018 887 3108 (1851).
1098 3054 1118 3099 0

235 3164 439 3227 Varietatem
469 3162 628 3229 delectare
659 3164 718 3227 etsi
748 3185 815 3228 non
844 3164 952 3246 inepte
983 3162 1150 3246 dictitant,
1181 3166 1273 3226 tamen

147 3293 206 3335 nos
236 3293 307 3334 cum
336 3269 421 3333 idem
451 3290 566 3353 genus,
595 3293 611 3334 e
636 3294 699 3354 quo
728 3270 949 3354 prooemiandi
973 3275 1200 3353 argumentum
1221 3268 1274 3329 iam

149 3378 344 3461 aliquotiens
375 3376 541 3460 petiimus,
574 3399 659 3441 nunc
682 3378 868 3460 recolimus,
900 3378 953 3441 vix
978 3381 1029 3441 est
1052 3378 1223 3442 verendum
1243 3392 1274 3436 nc

150 3486 242 3551 vobis
267 3483 433 3549 fastidium
457 3485 564 3568 potius
593 3490 626 3549 et
650 3484 833 3547 satietatem
859 3506 955 3567 quam
980 3485 1125 3568 aliquam
1151 3479 1274 3548 iucundi·

147 3596 246 3657 tatem
272 3592 453 3656 afferamus.
495 3591 621 3675 Quippe
645 3591 673 3654 is
698 3590 838 3674 scriptor
862 3593 912 3654 est
934 3590 1081 3674 Plantae,
1106 3592 1195 3656 cuius
1218 3607 1274 3652 cum

147 3700 294 3784 ingenita
317 3722 369 3763 ars
393 3704 426 3763 ct
449 3700 551 3762 virtus
571 3698 728 3762 novitatis
748 3698 889 3781 gratiam
908 3702 1080 3782 perpetuet
1099 3697 1275 3781 legentibus,

147 3812 216 3872 tum
240 3810 423 3890 temporum
448 3805 619 3888 iniquitate
642 3805 758 3868 effecta
781 3805 956 3868 difficultas
981 3808 1079 3889 atque
1104 3801 1274 3887 depravatio

146 3914 370 3979 inexhaustam
414 3913 588 3997 quaerendi
630 3913 859 3996 exercendique
902 3911 1075 3977 materiam
1117 3905 1274 3994 philologis

147 4023 310 4109 praebeat.
360 4020 474 4104 ltaque
502 4020 632 4084 illorum
661 4018 840 4083 commodis
868 4041 906 4083 eo
936 4018 1172 4098 consuluimus,
1205 4010 1274 4100 quod

148 4131 276 4194 fabulae
307 4128 442 4192 alieuius
475 4128 615 4209 aliquam
647 4149 777 4190 scenam
807 4123 973 4210 (potuerat
1008 4126 1096 4190 enim
1128 4121 1275 4209 quaelibet

150 4237 215 4300 alia
239 4233 352 4319 deligi)
376 4235 423 4298 ita
447 4239 678 4317 perpurgatam
703 4233 905 4316 pristinoque
928 4233 1029 4297 nitori
1049 4255 1108 4296 suo
1128 4255 1185 4314 pro
1204 4222 1274 4292 virili

147 4347 238 4427 parte
263 4341 448 4405 restitutam
472 4340 709 4424 proposuimus,
733 4343 769 4404 ut
789 4343 912 4404 etcum
932 4339 1058 4404 minore
1078 4361 1175 4424 quam
1194 4338 1273 4399 antea

148 4449 321 4512 ostensione
344 4451 376 4511 et
396 4451 432 4511 ut
452 4468 618 4531 speramus
638 4469 711 4511 cum
731 4445 839 4529 aliqua
859 4446 1027 4530 voluptate
1046 4445 1112 4531 legi
1132 4436 1271 4521 intellegi·
