2836 5034
147 310 212 373 416
295 261 297 264 ⁴
436 324 700 372 rsounuonnuu
723 325 769 371 us
793 323 1007 372 ssvromnvs

27 491 147 533 enxxrv
237 467 321 532 Huic
345 466 420 533 filia
444 468 523 533 olim
546 466 639 552 uirgo
663 468 760 552 periit
782 467 931 552 paruola:

148 608 285 674 Poenuli
309 614 416 675 autem
438 611 467 694 I,
490 612 519 696 2,
545 612 607 678 183
630 617 688 676 out
708 610 915 675 inserendum
939 613 1003 674 est:

237 726 283 815 llt
302 756 338 816 tu
357 752 432 817 huic
451 757 508 817 aut
525 753 612 819 irata
630 775 670 818 ue
690 755 744 837 sis,
768 758 825 819 adt
844 753 872 818 si
891 753 924 817 id
943 751 1014 817 fieri
1033 752 1100 817 ndn
1118 758 1258 837 potest-z

149 894 212 958 uisi
231 896 332 959 males
351 895 439 960 Huic
455 897 504 959 ati
523 901 557 960 ta
579 895 663 960 ircita
686 896 737 960 vel
759 895 901 961 fortasse
925 894 1107 980 simplicius
1129 895 1217 962 eliam
1236 873 1262 961 lt

150 1006 211 1065 lactc
232 1000 304 1065 bario
326 1002 411 1067 irritu
436 1040 485 1067 —.
865 1060 874 1077 .

239 1107 288 1172 Ad
318 1109 492 1192 syllabas
517 1111 748 1175 vocabulorum
770 1109 918 1174 finales
939 1109 1052 1194 redeo,
1081 1109 1137 1175 sed
1160 1130 1266 1174 conso·

149 1215 335 1280 nantibus
368 1217 613 1283 terminatas:
646 1216 822 1301 inquibus
849 1216 929 1281 item
953 1220 1043 1300 sunt,
1075 1238 1158 1302 quae
1180 1238 1269 1280 cuma

149 1321 309 1406 principio
329 1323 459 1409 longam
481 1323 625 1391 vocalem
645 1323 844 1407 habuissent,
863 1322 1037 1408 paullatim
1057 1324 1200 1407 elevatae
1216 1327 1273 1386 suut

150 1429 390 1512 pronuntiando
410 1430 502 1494 etad
521 1430 714 1497 brevitatem
734 1429 914 1514 depressae.
946 1427 1067 1496 Ordior
1085 1452 1105 1495 a
1123 1429 1275 1494 bacchium

150 1557 244 1600 versu
268 1535 450 1601 Trinummi
474 1538 553 1602 226:
1131 1526 1133 1531 ’

239 1676 398 1764 Magister
420 1679 502 1744 mihi
524 1680 680 1746 exercitdr
703 1680 831 1745 animus
855 1683 939 1746 nunc
964 1682 1024 1745 ast.

151 1820 236 1885 Nam
259 1832 317 1886 nec
341 1822 561 1910 dubitandum*
578 1823 616 1887 de
636 1822 757 1886 talibus
781 1825 815 1886 et
832 1843 909 1887 vero
932 1821 980 1887 sic
1002 1820 1219 1886 statuendum
1240 1823 1286 1900 esi,

151 1930 187 1992 ut
214 1949 273 2011 per
295 1932 404 1993 ternas
428 1933 597 2013 tamquam
621 1928 843 1993 successiones
868 1912 907 1992 ex
930 1927 1092 2013 producta
1115 1949 1150 1993 os
1174 1929 1303 2014 syllaba¹

149 2034 241 2097 fieret
264 2035 456 2119 productum
481 2057 516 2100 or
538 2040 572 2101 et
595 2057 634 2099 ex
656 2034 718 2099 hoc
737 2034 867 2099 demum
885 2033 976 2118 illud,
999 2033 1088 2119 quod
1108 2036 1303 2127 posterioria¹

151 2141 269 2206 aetatis
303 2143 501 2208 consuetudo
534 2141 697 2226 probavit,
730 2141 772 2204 br.
816 2140 902 2206 Nam
935 2140 976 2206 ab
1005 2151 1038 2207 δε
1067 2143 1289 2208 terminatione

151 2248 267 2313 horum
295 2249 465 2314 nominum
495 2248 724 2315 formationem
754 2248 899 2314 omnium
926 2247 1111 2332 proiectam
1140 2272 1229 2334 esse,
1254 2270 1290 2314 re

151 2356 228 2420 licta
250 2357 285 2420 in
309 2357 390 2438 lepos
411 2357 507 2423 hortos
530 2357 614 2422 labos
635 2356 714 2420 colos
737 2355 851 2420 clamos
873 2357 945 2420 odos
962 2376 1062 2438 aupos
1079 2356 1204 2440 (amos)
1223 2357 1291 2420 ieci

151 2466 195 2526 tos
218 2463 423 2546 antiquitatis
447 2462 586 2546 vestigia
610 2461 691 2526 satis
715 2460 953 2527 demonstrant:
985 2464 1192 2544 persuadent
1214 2380 1303 2548 prael

149 2573 239 2633 terea
268 2570 508 2653 monosyllaba,
543 2591 624 2652 quae
654 2590 689 2631 or
717 2590 892 2652 numquam
922 2569 1121 2654 asciverunt⁷
1155 2592 1224 2635 arros
1243 2569 1291 2650 (los

31 2735 33 2739 ,
147 2677 214 2756 pios
246 2696 296 2740 ros
330 2681 362 2739 et
394 2697 435 2740 os,
490 2675 558 2740 Nec
591 2699 610 2739 a
643 2676 870 2760 comparativis
907 2676 997 2739 illam
1029 2677 1289 2743 terminationem

151 2782 291 2845 alienam
323 2783 441 2865 fuisse,
477 2783 592 2846 talium
626 2783 826 2866 comparatio
860 2782 953 2847 docet
985 2783 1097 2866 qualia
1128 2783 1236 2848 Varro
1265 2788 1291 2846 el

149 2887 263 2952 Festus
288 2892 451 2953 testantur
474 2890 641 2954 uraiosibus
664 2891 838 2954 ruolioschus
860 2891 1010 2955 arboscla:
1034 2890 1169 2973 quando
1190 2890 1291 2956 eodem

152 2995 315 3059 societatis
348 2996 495 3078 vinculo,
528 3018 591 3078 quo
624 2996 760 3060 arboscu
792 3000 825 3059 et
861 2996 964 3073 arboe,
1001 2997 1164 3062 contineri
1204 2997 1291 3061 etiam

149 3103 315 3167 arruiosihus
347 3107 380 3165 et
412 3104 510 3166 rriuios
542 3104 792 3165 cousentaneum
826 3105 884 3167 est.
935 3101 963 3164 E
997 3103 1157 3185 producto
1193 3110 1292 3169 autem

150 3209 300 3293 genetivo
325 3211 385 3273 oris
409 3209 447 3276 de
464 3219 499 3271 or
521 3208 724 3273 nominativo
748 3209 827 3273 item
851 3209 1008 3291 producto
1032 3232 1070 3274 eo
1094 3212 1294 3293 probabilior

150 3316 332 3380 coniectura
355 3317 405 3398 fit,
429 3315 514 3399 quod
537 3315 670 3398 longam
694 3314 839 3378 vocalem
862 3315 913 3378 vel
937 3336 1047 3380 eorum
1071 3319 1294 3383 nominativus

149 3424 446 3506 monosyllaborum
471 3422 625 3505 servavit,
650 3444 730 3505 quae
754 3424 938 3505 correptum
962 3421 1084 3486 habent
1107 3426 1295 3507 genetivum

30 3558 134 3599 ruxxv
150 3534 186 3593 ut
209 3531 258 3595 lor
282 3535 315 3594 et
332 3552 403 3612 por.
440 3529 554 3614 ltaque
578 3551 642 3594 non
667 3533 794 3591 tantum
819 3528 1001 3592 Acidalium
1025 3527 1136 3595 Divin.
1162 3533 1196 3595 in
1222 3531 1295 3597 Rnd

150 3659 219 3720 cap.
243 3640 263 3700 o
286 3637 467 3701 rectissime
491 3636 671 3700 defendisse
695 3633 774 3698 haec
798 3638 877 3717 puto
901 3634 982 3699 Rud.
1005 3634 1062 3718 IV,
1076 3637 1107 3719 3,
1125 3638 1179 3702 75.
1205 3639 1296 3704 Poeu

150 3742 174 3826 Ι,
198 3744 227 3826 2,
254 3745 324 3807 151.
362 3743 464 3807 Stichi
489 3744 514 3826 Ι,
537 3744 566 3826 2,
591 3743 646 3807 83:

240 3884 277 3949 Si
298 3891 333 3949 tu
358 3890 487 3969 proreta
511 3883 566 3948 isti
590 3881 702 3967 naui's,
726 3884 786 3966 ego
807 3882 994 3964 praecauta
1016 3904 1080 3947 ero.

239 3977 372 4070 [soron
396 3992 530 4056 absce‘de
554 3995 590 4054 tu
614 4014 632 4054 a
657 4012 716 4054 me.
754 3989 851 4053 Pe‘rii:
876 3988 952 4073 quid
976 3988 1055 4074 agis,
1078 3988 1252 4076 Milphio?

149 4133 228 4222 (quo
258 4159 351 4199 versu
381 4136 537 4199 insertum
568 4133 664 4218 vulgo
692 4133 745 4196 cho
776 4135 851 4216 post
872 4132 956 4212 perii
979 4153 1051 4195 curn
1076 4132 1291 4198 Ambrosiano

148 4244 262 4326 delevi,
286 4243 436 4307 similiter
460 4246 557 4327 atque
580 4241 666 4305 Trin.
690 4238 826 4325 943*):)

220 4435 244 4504 *)
265 4436 326 4504 [ubi
345 4437 392 4488 ebo
406 4433 520 4503 reliquit
534 4433 703 4488 Ritscholius
718 4433 745 4486 iu
761 4432 803 4486 ed.
815 4432 863 4486 alt.
884 4434 963 4486 extra
978 4449 1087 4488 versum
1102 4433 1282 4490 collocatum*
