2886 5032
210 336 275 400 676
588 345 822 394 narsuusona
846 346 975 394 anons.

210 496 245 558 in
273 494 352 558 urbe
381 493 429 556 ita
457 494 585 575 praeter
612 493 736 554 ceteras
766 488 889 553 radices
913 489 995 574 egit,
1019 511 1060 554 ea
1083 492 1120 554 ut
1140 488 1312 572 principatum

213 600 374 686 quendam
398 597 450 662 vel
474 597 617 662 tenuerit
639 596 690 660 vel
713 600 838 679 teneat,
861 597 917 660 sed
942 596 1041 660 etiam
1066 595 1195 680 propria
1217 593 1267 658 sibi
1285 612 1315 655 ar·

213 706 426 772 momentaria
454 709 550 789 atque
578 703 823 788 propugnacula
849 702 940 786 ipsas
970 703 1100 767 invenit
1120 700 1316 777 universitates,

125 865 127 869 Α
213 836 348 899 quarum
373 816 540 895 tamquam
568 813 602 876 in
624 811 697 876 foco
721 813 933 893 perpetuatae
958 810 1117 874 salutares
1141 808 1283 874 scintillae
1297 805 1317 867 ir

213 942 251 984 ea
274 919 400 984 lumina
423 939 584 1001 exarsere,
608 939 689 1002 quae
713 938 786 982 omn
810 917 933 1000 patriae
957 921 1063 982 terras
1087 922 1156 981 tum
1180 917 1273 1000 ipsun
1289 933 1318 976 or·

213 1028 286 1090 bem
310 1029 470 1089 terrarum
494 1023 711 1089 illustrarunt.
740 1023 829 1108 Ergo
849 1023 962 1108 igitur,
982 1027 1020 1087 ut
1038 1046 1104 1089 uno
1124 1023 1220 1088 verbo
1240 1021 1319 1098 dican

214 1133 299 1218 apud
327 1153 387 1196 nos
415 1152 488 1194 oum
517 1131 586 1214 ipse
615 1130 674 1196 fios
698 1134 732 1194 et
754 1130 855 1194 robur
878 1129 996 1193 artium
1021 1130 1261 1213 litterarumque
1279 1144 1319 1189 non

214 1241 258 1304 sit
282 1259 379 1322 penes
404 1235 599 1321 academias,
623 1236 679 1301 sed
702 1257 802 1321 penes
826 1235 1055 1301 universitates
1080 1240 1114 1301 et
1138 1237 1181 1301 sit
1203 1240 1233 1299 et
1248 1229 1320 1311 furit,

213 1367 410 1429 consequens
439 1348 489 1408 est
517 1347 554 1407 ut
583 1343 623 1408 ad
651 1344 778 1409 litteras
809 1366 867 1408 sua
890 1365 1004 1408 caussa
1026 1343 1179 1408 colendas
1201 1364 1258 1407 non
1276 1356 1321 1403 ece

214 1475 295 1536 opus
329 1451 503 1516 academiis
536 1451 772 1517 concedendurn
805 1451 856 1515 sit
909 1449 961 1514 An
994 1450 1064 1515 ulla
1097 1456 1149 1515 est
1180 1447 1343 1531 disciplina¹

213 1583 296 1644 quae
319 1582 390 1625 cum
414 1559 590 1642 pristinam
614 1559 752 1644 speciem
771 1580 865 1623 suam
884 1578 922 1622 ac
940 1557 1102 1622 rationem
1121 1560 1232 1622 nostra
1247 1554 1320 1618 aetate

213 1688 347 1750 prorsus
375 1667 511 1731 mutarit
535 1704 576 1713 —
607 1669 751 1730 mutasse
780 1668 887 1730 autem
916 1668 1046 1730 constat
1074 1664 1241 1748 plurimas,
1268 1676 1319 1746 que

214 1778 282 1838 tam
310 1773 359 1837 sui
388 1773 563 1838 dissimiles
593 1772 689 1837 hodie
713 1776 898 1856 evaserunt,
930 1772 983 1836 vix
1007 1777 1045 1836 ut
1068 1772 1199 1837 eaedem
1220 1764 1336 1835 asseri·

214 1880 351 1944 deantur
374 1918 416 1925 -
441 1881 510 1945 eius
539 1880 670 1964 quidem
698 1879 930 1945 emendationis
964 1879 1158 1944 beneficium
1188 1872 1319 1943 acadenii

214 1986 421 2069 potissimum
449 1992 617 2071 acceptum
646 1986 788 2051 referat?
834 1984 937 2052 Sociis
966 1986 1096 2071 quidem
1120 1984 1319 2052 academiarum

216 2091 364 2174 plurimis
389 2115 426 2158 eo
451 2094 485 2157 in
509 2115 626 2180 genere
650 2093 760 2158 deberi
783 2094 957 2179 plurimum
981 2092 1151 2158 fatendum
1175 2098 1223 2157 est
1241 2095 1269 2156 et
1282 2088 1319 2151 lar

214 2199 368 2282 gieudum
396 2200 589 2265 liberaliter:
627 2201 683 2264 sed
710 2200 773 2265 hoo
800 2222 898 2284 quam
926 2205 1040 2265 contra
1063 2206 1210 2265 nostram
1231 2200 1316 2262 center

214 2306 294 2369 tiam
327 2306 407 2370 nihil
437 2308 557 2390 valeat,
590 2307 665 2372 ilico
700 2306 863 2372 auditores
899 2306 1117 2391 perspicietis,
1146 2306 1201 2371 ubi
1228 2299 1316 2369 endu

215 2413 288 2477 illos
311 2414 560 2479 universitatum
583 2436 654 2479 esse
679 2415 783 2479 socios
806 2413 1044 2497 reputaveritis.
1075 2414 1149 2498 Age
1173 2414 1257 2494 enirn,
1273 2424 1317 2470 ew

215 2519 336 2584 demias
361 2521 511 2584 orbemus
531 2542 642 2584 eorum
663 2520 869 2585 multitudine
889 2519 1059 2605 sociorum,
1084 2521 1140 2605 qui
1164 2517 1253 2585 simul
1270 2529 1316 2599 pn·

216 2626 374 2691 fessorum
394 2648 524 2690 munere
543 2628 578 2690 in
597 2650 630 2691 ee
651 2631 780 2710 recepto
799 2627 1028 2692 universitates
1047 2631 1180 2692 ornant:
1202 2645 1258 2691 non
1272 2618 1314 2682 siit

141 2754 201 2793 vm
216 2733 387 2798 miratione
408 2734 579 2816 apparebit
598 2735 853 2817 numerantibuS‚
872 2733 1067 2817 quantillum
1087 2734 1132 2797 sit
1147 2731 1227 2817 quod
1244 2720 1313 2792 recti

213 2840 287 2904 Non
316 2841 425 2904 neseio
454 2845 605 2925 exempta
630 2862 699 2904 esse
723 2863 761 2904 ex
784 2841 879 2904 huius
904 2839 1103 2904 condicionis
1128 2831 1312 2904 communitae

214 2948 372 3030 quaedam
397 2949 530 3011 nomina
553 2946 827 3030 splendidissima,
851 2970 888 3010 ac
912 2950 1040 3029 praeter
1064 2953 1190 3011 ceteros
1212 2964 1265 3009 non
1280 2931 1311 2998 ot

214 3054 345 3117 liviscor
374 3055 459 3117 illius
488 3054 554 3123 viri.
576 3055 783 3136 immortalis,
817 3055 866 3118 cui
896 3075 980 3117 nulio
1003 3053 1089 3117 inter
1112 3053 1256 3117 mortales
1273 3056 1311 3106 11⁰⁰

214 3159 376 3223 immerito
410 3162 569 3243 quendam
603 3161 785 3227 litterarum
818 3161 1036 3243 principatum
1069 3159 1193 3223 deferre
1224 3165 1311 3220 veneri·

215 3265 322 3327 hunda
346 3271 434 3329 aetas
458 3272 571 3332 nostra
595 3267 687 3331 solet.
732 3267 777 3330 At
798 3266 832 3329 hi
857 3271 889 3329 et
913 3288 1046 3330 numero
1071 3273 1149 3331 sunt
1171 3242 1311 3349 paucissiu'

213 3375 246 3433 et
274 3393 348 3435 vero
378 3373 471 3456 telae,
505 3396 586 3456 quos
615 3373 830 3437 certissimum
861 3373 904 3435 sit
931 3372 969 3436 de
1000 3373 1122 3437 litteris
1153 3394 1217 3437 non
1243 3363 1311 3430 milli

214 3480 377 3559 praeclare
401 3481 573 3544 merituros
599 3479 697 3543 fuisse
722 3483 818 3562 atque
843 3477 883 3542 ad
902 3479 987 3543 idem
1006 3500 1139 3562 prorsus
1160 3479 1243 3542 velut
1256 3460 1311 3534 fassfi‘

213 3584 301 3666 gium
326 3585 450 3669 gloriae
481 3609 682 3669 escensuros‚
710 3587 737 3649 si
762 3585 812 3649 vel
840 3585 920 3649 nulli
944 3585 1130 3650 academiae
1155 3579 1269 3665 ascripti
1285 3589 1310 3632 ὅ·

213 3695 294 3773 sent,
318 3692 367 3755 vel
392 3692 491 3755 simili
514 3714 551 3757 ac
575 3713 661 3756 nunc
684 3713 755 3755 cnm
780 3691 1097 3756 academia-vinculo
1122 3691 1152 3757 h.
1166 3713 1190 3755 e.
1208 3681 1311 3753 liberior

213 3818 285 3859 eum
322 3798 432 3882 aliqua
468 3799 678 3862 universitate
715 3798 974 3862 continerentur:
1013 3820 1071 3862 nec
1110 3798 1223 3863 desunt
1254 3787 1310 3855 ena

212 3926 407 3988 quamquam
431 3905 598 3988 pauciores
623 3906 731 3986 etiam,
755 3904 809 3988 qui
834 3926 905 3969 oum
930 3910 1045 3968 neutra
1065 3903 1225 3972 coniuncti
1242 3904 1311 3964 nm

212 4009 251 4071 de
274 4010 439 4076 doctrinae
468 4013 594 4077 artibus
618 4017 650 4075 et
673 4013 754 4075 bene
778 4017 1026 4095 promeruerunt
1049 4016 1082 4075 et
1106 4011 1176 4075 iure
1199 3992 1310 4074 inclaiv

212 4122 295 4180 runt.
328 4117 397 4182 Neo
420 4118 499 4181 illud
523 4119 648 4202 ignoro,
671 4141 768 4202 quarn
792 4119 911 4182 eximia
933 4119 1118 4183 litterarum
1139 4107 1309 4181 monument

212 4225 390 4288 coniunctis
415 4225 590 4288 multorum
615 4224 731 4289 studiis
755 4229 788 4288 et
812 4226 955 4289 consiliis
975 4231 1100 4309 parata,
1124 4248 1162 4288 ex
1181 4208 1308 4289 acadeffll'

211 4351 282 4394 rum
312 4337 476 4415 tamquam
508 4333 645 4396 officinis
675 4356 747 4396 cum
777 4332 958 4416 prodierint
981 4338 1052 4397 tum
1076 4333 1252 4397 etiamnunc
1268 4332 1312 4404 pft

211 4438 322 4521 deant,
366 4444 515 4521 sumptus
553 4439 731 4503 liberaliter
769 4439 900 4505 civitate
937 4440 1174 4523 suppeditante.
1225 4433 1311 4497 Rursus
