2886 5032
145 289 210 352 312
437 304 695 351 unouseouuns
720 305 766 351 ns
790 302 1000 353 nsrronrnvs

145 448 292 533 degerit:
311 447 521 534 quantumvis
541 448 665 533 gravia,
684 453 720 512 ut·
742 447 922 533 significavi
936 469 967 532 p.
982 447 1117 528 5181=
1130 446 1208 527 107]
1220 468 1298 530 sqq,

146 555 219 621 aliis
234 554 360 641 agenda
374 554 454 620 alibi
474 554 650 640 reliquerit.
683 553 725 618 Ei
740 559 897 640 quantum
912 553 1078 638 debeatur,
1098 574 1164 618 uon
1177 553 1298 638 poterit

146 687 184 727 ex
207 663 310 747 ipsius
333 661 475 727 nominis
499 661 530 726 in
552 663 765 726 annotatione
783 665 898 726 nostra
916 660 1081 727 mentione
1100 661 1183 726 satis
1203 661 1297 725 aesti-

74 770 243 834 arnmari:
275 769 375 833 immo
408 767 640 833 recordandum
669 771 720 832 est
747 766 880 852 ubique,
913 790 993 853 quas
1021 787 1083 853 ego
1112 790 1131 832 e
1158 766 1228 832 ΒΟ
1251 788 1297 831 re·

146 881 256 962 ceptae
280 897 351 941 esse
375 875 552 959 scripturas
577 875 757 960 significem
777 897 797 938 a
815 875 958 958 priorum
977 874 1157 940 editionum
1178 895 1295 940 memo

146 985 195 1049 ria
216 980 264 1069 (h.
288 1005 313 1047 e.
338 981 394 1046 ubi
421 1002 487 1045 non
516 983 619 1045 testor
647 980 747 1064 aliud,
776 1003 795 1045 a
818 976 862 1066 Z)
891 979 1127 1065 discrepantes,
1154 980 1294 1045 indidem

148 1091 337 1176 plerumque
365 1090 429 1153 iarn
455 1086 676 1152 Camerarium
700 1088 895 1172 reposuisse:
919 1087 952 1152 id
975 1087 1062 1172 quod
1086 1109 1207 1174 operae
1230 1109 1293 1172 pre

146 1199 230 1263 tium
258 1218 323 1261 non
347 1196 422 1260 duxi
447 1195 584 1281 singulis
613 1196 692 1260 locis
716 1195 887 1260 inculcare.
931 1193 1007 1260 Non
1030 1193 1171 1259 multum
1194 1214 1291 1259 emen·

148 1305 237 1371 datio
266 1302 394 1389 quidem
417 1301 525 1366 Plauti
553 1307 630 1386 post
654 1301 875 1367 Camerarium
898 1301 1114 1386 profecitvel
1137 1299 1289 1386 probabili

148 1411 319 1477 enarrandi
348 1409 510 1475 industria
537 1406 693 1472 Friderici
722 1406 950 1491 Tsvnuenru,
978 1407 1029 1472 vel
1057 1408 1201 1494 impigro
1223 1406 1287 1471 Plri-

150 1520 229 1603 lippi
249 1518 357 1582 Psnnr
378 1516 499 1598 labore,
523 1519 664 1580 ceterum
684 1515 823 1579 iudicare
842 1515 1025 1599 nescientis,
1048 1515 1082 1580 in
1102 1516 1285 1581 excutiendis

150 1626 241 1691 libris
261 1623 419 1688 Palatinis
443 1626 647 1706 consumpto,
669 1621 720 1686 vel
739 1621 954 1686 immoderata
972 1621 1099 1687 rixandi
1119 1624 1281 1689 convicien-

150 1733 246 1815 dique
270 1729 445 1814 cupiditate
470 1729 540 1794 lani
564 1727 734 1807 Gnvrnnl,
757 1750 821 1813 qua
839 1750 880 1793 ne
898 1727 981 1792 illud
1000 1728 1130 1813 quidem
1150 1729 1280 1795 effectum

151 1842 201 1902 est
223 1840 268 1920 ut,
291 1836 368 1920 quid
387 1836 519 1901 tandem
540 1836 574 1900 in
595 1835 755 1900 Palatinis
776 1834 946 1920 legeretur,
965 1835 1015 1901 vel
1034 1840 1122 1900 recte
1139 1836 1190 1901 vel
1204 1836 1279 1919 plcre

151 1948 408 2030 cognosceretur.
454 1941 553 2008 Cuius
578 1942 801 2007 altercationis
824 1941 996 2007 historiam
1021 1943 1077 2026 qui
1100 1943 1221 2008 talibus
1240 1941 1279 2004 de

151 2053 309 2116 lectantur
336 2073 373 2114 ex
402 2049 448 2112 eis
478 2054 588 2132 petere
612 2048 766 2134 pdtcrunt
793 2070 876 2133 quae
900 2048 940 2113 de
964 2049 1039 2114 crisi
1063 2048 1112 2113 Pl.
1138 2072 1157 2114 a
1180 2072 1209 2133 p.
1229 2046 1280 2113 552

151 2158 298 2239 i=143]
319 2157 358 2223 ad
379 2157 441 2221 561
464 2157 606 2238 [=152]
626 2156 840 2221 narravimus.
877 2154 1009 2220 Praeter
1027 2155 1168 2221 editores
1190 2160 1281 2221 autem
1290 2198 1317 2521 4

151 2265 205 2349 qui
229 2264 289 2328 illa
309 2267 415 2329 aetate
440 2283 559 2347 magno
580 2283 678 2348 grege
702 2263 805 2327 critici
824 2262 863 2328 ed
884 2262 1130 2347 perpoliendum
1149 2263 1281 2328 Plautum

151 2372 289 2457 undiquc
308 2370 530 2448 convolarunt,
549 2391 660 2434 eorum
675 2370 798 2434 nullam
818 2369 946 2435 laudem
963 2367 1103 2434 Ioannes
1118 2368 1280 2434 Muvesrvs

151 2479 284 2544 meruit:
303 2478 352 2542 vel
372 2476 521 2562 exiguam
540 2476 591 2540 vel
612 2476 806 2542 mediocrem
829 2476 991 2541 Adrianus
1011 2475 1208 2559 Tvnnnnvs,
1225 2470 1278 2540 lani
1308 2524 1317 2529 -

153 2585 294 2652 Dovsss
323 2589 416 2669 pater
444 2589 477 2648 et
502 2585 606 2668 filius,
639 2584 763 2669 Caspar
791 2582 982 2666 SC101‘1’1VS,
1014 2582 1125 2649 Iustus
1155 2584 1307 2673 Iuraret,s

152 2693 305 2757 Mellerus
320 2691 538 2757 Pennsnrvs:
562 2692 718 2756 maiorem
741 2691 849 2756 Isnvs
869 2689 1102 2758 Gvnrnnurvs:
1127 2691 1278 2756 niaximsu

152 2805 249 2885 atque
264 2801 343 2864 adeo
359 2800 510 2864 eximiam
522 2799 666 2864 Venena
680 2799 883 2881 Acmsnlvs,
898 2820 1094 2884 quamquam
1109 2820 1168 2863 nec
1183 2801 1279 2862 metro·

152 2930 223 2971 rum
243 2906 379 2970 scientia
398 2907 517 2989 valens,
542 2928 605 2989 qua
629 2912 699 2969 tum
723 2927 816 2969 nemo
842 2906 920 2970 satis
945 2905 1121 2970 instructus
1141 2909 1217 2986 erat,
1237 2916 1281 2966 net

152 3011 356 3077 Camerariae
379 3012 528 3077 editionis
553 3011 780 3076 auctoritatem
804 3017 1007 3096 perspectam
1025 3013 1160 3096 habene,
1179 3024 1280 3096 megn⁰

153 3120 184 3183 id
200 3120 395 3184 detrimento
411 3141 478 3183 suo.
507 3121 586 3194 Dixi*
597 3121 635 3184 de
649 3141 696 3205 eo,
715 3119 770 3184 sed
784 3119 922 3183 fortasse
937 3141 1002 3184 non
1019 3120 1099 3183 satis
1114 3118 1285 3188 honorifice,

153 3227 172 3289 l.
193 3249 216 3290 s.
236 3248 259 3289 e.
281 3250 310 3311 p.
330 3227 395 3291 505
411 3228 545 3311 [=93],
568 3227 606 3291 de
631 3227 781 3311 Scioppio
805 3250 835 3311 p.
854 3228 920 3291 544
940 3227 1095 3309 [=134],
1118 3226 1157 3290 de
1182 3217 1289 3290 nousis

153 3356 183 3416 p.
199 3333 264 3396 534
285 3335 340 3413 [=
353 3334 439 3415 1241,
458 3332 496 3397 de
515 3333 657 3397 Menrsio
682 3357 711 3417 p.
726 3334 791 3398 498
811 3336 867 3412 [=
879 3334 992 3417 86]sq.
1028 3332 1161 3397 Praeter
1184 3333 1292 3396 horum

154 3462 246 3504 curas
270 3439 394 3523 pridem
419 3440 521 3504 editas
542 3440 680 3504 ineditae
702 3440 780 3504 mihi
802 3444 931 3523 praesto
951 3441 1084 3505 fuerunt
1103 3438 1296 3505 scansam,

155 3547 329 3629 Serrnssn,
348 3545 478 3611 Dousae
499 3551 531 3611 et
551 3548 690 3611 fortasse
705 3547 842 3612 aliorum
858 3546 1061 3612 coniecturae
1076 3547 1110 3611 in
1130 3547 1296 3630 impresso·

156 3674 224 3715 rum
237 3654 439 3736 quorundam
450 3654 678 3737 exemplorum,
693 3652 950 3737 quacLeidensis
961 3652 1171 3737 bybliotheca
1186 3647 1302 3724 servat,

86 3778 139 3818 arv
156 3760 356 3843 nrarginibus
381 3760 621 3845 scriptorurn.*)
668 3761 811 3836 Quorum
835 3760 901 3825 alia
924 3760 1029 3825 sciens
1052 3781 1137 3825 nunc
1161 3766 1301 3845 praeter*

156 3866 258 3949 mitto,
283 3866 360 3930 olim
385 3867 447 3931 huc
466 3867 641 3932 rediturus:
666 3869 807 3953 quinque
826 3868 879 3932 hio
898 3869 1182 3933 commemoranda
1200 3868 1297 3933 rideo.

156 3972 201 4037 nt
219 3973 288 4038 lani
313 3974 440 4057 quidem
463 3972 593 4039 Dousae
614 3976 711 4060 longo
732 3975 889 4058 plurimus
912 3975 1151 4058 arrnotationes,
1174 3976 1229 4041 sed
1249 4000 1299 4041 eas

156 4081 295 4144 rnaxima
306 4103 342 4144 ex
354 4085 445 4164 parte
457 4081 496 4145 ad
507 4081 807 4164 interpretationem
819 4086 1011 4166 spectantes,
1020 4085 1112 4146 tenet
1121 4085 1303 4169 exemplum

244 4329 272 4397 ⁴¹)
293 4326 404 4383 Similia
423 4328 550 4398 exempla
568 4327 764 4397 bybliothecae
786 4330 997 4398 Ambrosianus,
1022 4330 1070 4384 sod
1090 4346 1163 4398 quae
1190 4334 1301 4388 tantum

155 4415 335 4487 inspexerim,
354 4417 506 4472 memoravi
525 4417 666 4486 Parergon
685 4435 711 4486 p.
728 4422 787 4472 400.
