2886 5032
148 313 214 378 660
530 325 764 373 nsrmurscnn
786 326 915 375 annus.

149 491 266 555 genere
289 467 525 554 propemodum
547 467 765 553 principatum
788 472 915 533 teneat:
942 467 1023 553 quin
1051 466 1089 533 de
1115 466 1205 551 poesis
1220 485 1252 530 cc

148 582 356 660 terarumque
385 575 505 639 artium
533 573 755 640 existimatore
784 575 826 640 ab
855 574 1040 659 elegantiae
1068 596 1161 641 sensu
1184 573 1253 659 philo

150 682 347 767 sophiaeque
369 681 492 746 lumine
514 680 780 745 instructissimo:
804 681 882 765 quin
905 680 945 746 de
968 686 1067 767 poeta
1088 681 1116 747 si
1136 704 1193 747 nou
1209 700 1255 764 pcr-

150 787 306 873 eleganti,
330 791 365 850 at
387 808 452 851 non
476 809 553 852 sane
576 787 642 851 ullo
667 786 762 851 modo
787 786 950 853 mediocri.
999 785 1256 853 sedunenses

149 900 218 959 tam
241 894 371 958 diversa
392 893 478 956 inter
501 914 536 956 se
560 891 669 957 studia
692 896 780 957 certo
800 893 1044 959 communitatis
1063 894 1186 959 vinculo
1200 893 1258 957 inter

151 1000 361 1085 accopulata
387 998 516 1081 habuit,
545 999 630 1082 quod
658 999 713 1062 ubi
740 999 1016 1084 indagaverimus,
1042 999 1150 1084 ipsum
1169 1000 1258 1065 fontan

150 1108 316 1191 aperuisse
343 1105 553 1169 consiliorum
580 1126 662 1187 quae
691 1109 833 1170 sectatus
862 1111 913 1171 est
939 1106 1086 1171 omnium
1108 1106 1258 1172 videbimur.

150 1213 237 1278 Nam
264 1235 328 1297 qno
357 1211 412 1276 ille
439 1215 608 1296 tamquam
635 1211 846 1278 fundamento
875 1234 1009 1297 operam
1037 1235 1165 1279 omnem
1185 1210 1258 1277 inlit

151 1322 230 1386 teris
257 1324 350 1384 tanta
379 1340 452 1383 cum
476 1317 583 1403 gloria
605 1317 749 1401 positam
772 1320 1004 1403 superstruxit,
1031 1320 1089 1385 illa
1110 1320 1172 1386 fuit
1191 1316 1258 1384 suti·

151 1427 318 1513 quitatis
337 1424 508 1490 Graecae
526 1424 798 1509 Romanaeque
816 1425 1020 1492 incredibilis
1039 1427 1259 1509 admiratique

151 1534 255 1618 gnitio
278 1532 468 1616 plenissima
490 1538 524 1597 et
546 1537 703 1615 perpetua
726 1533 893 1610 uastatio,
917 1555 999 1617 quae
1022 1555 1082 1618 per
1105 1534 1171 1599 eius
1190 1533 1259 1597 uun

151 1663 171 1705 a
192 1640 298 1723 prima
316 1638 536 1703 adulescentia
555 1637 594 1702 ad
614 1641 792 1702 extremam
811 1642 1011 1704 senectutem
1029 1640 1185 1723 pertinuit
1196 1642 1259 1704 anu

150 1747 280 1831 quidem
303 1745 443 1829 fervore,
466 1746 566 1810 immo
591 1744 744 1830 flagranti
768 1745 895 1828 ardore,
917 1749 954 1810 ut
977 1745 1111 1812 difficile
1134 1747 1211 1813 dictu
1228 1743 1259 1820 sil

151 1853 265 1936 plusne
292 1852 342 1916 illi
368 1850 450 1916 haec
478 1852 584 1917 studia
610 1873 653 1915 an
680 1851 731 1915 his
760 1851 874 1915 studiis
907 1851 978 1937 ipse
1011 1852 1139 1918 debeat.
1180 1851 1259 1917 uesta

152 1963 228 2024 sunt
254 1958 448 2043 quicumque
474 1959 513 2023 de
540 1959 610 2023 eius
637 1958 706 2023 vita
732 1958 841 2043 paullo
868 1958 1059 2044 diligentius
1092 1960 1259 2035 rettulerunt,

150 2069 251 2130 testes
279 2065 382 2150 ipsius
410 2064 568 2149 epistulae
595 2065 662 2128 iam
690 2086 728 2128 ex
756 2068 849 2149 parte
877 2061 1019 2149 (utinam
1042 2065 1181 2152 omnesl)
1199 2064 1257 2129 loru

151 2173 255 2255 datae,
277 2176 378 2237 testes
396 2193 573 2256 numquam
594 2171 739 2255 peritura
761 2192 843 2256 quae
866 2172 989 2256 ingenii
1012 2175 1064 2238 sui
1088 2171 1256 2240 monument

150 2279 434 2363 praestantissima
456 2277 641 2362 posteritati
666 2277 819 2360 prodidit
856 2275 1038 2345 Germanus
1062 2281 1097 2345 in
1120 2281 1184 2364 illo,
1201 2273 1256 2342 siin

151 2407 215 2470 quo
239 2386 303 2450 alio
326 2406 489 2471 umquam,
512 2384 576 2449 fuit
594 2382 792 2449 Graecorum
815 2384 957 2468 spiritus,
980 2406 1056 2450 cum
1078 2391 1147 2452 arte
1169 2378 1256 2466 simpli·

150 2492 241 2577 citas,
265 2514 338 2557 curn
362 2491 471 2575 gratia
493 2489 648 2575 gravitas,
671 2511 743 2555 curu
763 2492 926 2556 suavitate
944 2492 1112 2573 maiestas,
1135 2517 1200 2560 cum
1213 2507 1257 2576 pet

150 2599 332 2664 severantia
361 2597 544 2678 urbanitas,
574 2618 647 2662 cum
674 2598 858 2662 constantia
880 2597 1079 2684 liberalitas,
1110 2597 1257 2666 humadtu

149 2727 222 2769 cum
249 2704 449 2769 fortitudine.
496 2703 588 2779 Quod
612 2706 720 2767 autem
743 2725 803 2767 usu
827 2704 936 2769 venire
959 2727 1185 2792 usquequaque
1204 2701 1256 2767 ride

150 2835 235 2896 mus,
266 2817 315 2895 ut,
345 2834 408 2895 quo
439 2811 512 2895 quis
543 2811 775 2875 accuratiorem
807 2811 1010 2896 singulorum
1039 2814 1202 2878 seientiam
1219 2802 1256 2872 sib'

149 2919 397 3003 comparaverit,
431 2939 468 2981 eo
496 2917 616 2982 rectius
645 2917 709 2981 vim
738 2918 880 2982 universi
907 2919 1036 3003 generis
1065 2920 1221 3004 percipiat,
1238 2907 1257 2973 il

149 3026 203 3090 ille
227 3047 353 3110 quoque
376 3026 424 3089 ita
447 3028 596 3107 expertus
621 3027 678 3106 est,
702 3028 747 3106 ut,
771 3046 834 3107 quo
858 3047 892 3088 sc
912 3024 1091 3090 studiosius
1111 3029 1144 3091 in
1161 3025 1259 3090 iadau

148 3132 353 3215 antiquitatis
388 3122 532 3196 recessus
567 3130 764 3194 insinuasset
802 3153 928 3215 quoque
961 3133 1115 3198 artiorem
1152 3155 1213 3198 eum
1234 3144 1272 3207 el,

148 3238 405 3302 familiaritatem
424 3237 649 3319 contraxisset,
672 3258 711 3301 eo
735 3238 852 3301 certius
877 3260 1010 3303 caussas
1034 3245 1068 3303 et
1090 3236 1260 3324 intellegeret

149 3348 181 3409 et
205 3345 267 3409 sibi
291 3348 511 3430 persuaderet,
540 3367 597 3409 cur
624 3344 682 3407 illa
711 3343 793 3408 nulli
817 3345 917 3408 aetati
941 3367 1007 3409 non
1031 3367 1102 3411 esse
1127 3351 1261 3411 aeream

147 3452 275 3516 virtutis
304 3455 465 3536 exemplar
494 3451 705 3535 acpe1·ennis
729 3451 802 3516 fons
827 3472 920 3515 verae
949 3451 1204 3519 humanitatis
1227 3446 1261 3509 dr

149 3558 248 3622 beret.
293 3558 440 3642 Namque
468 3558 530 3622 hac
553 3579 618 3620 una
642 3579 719 3621 voce
742 3562 827 3622 recte
852 3558 1023 3641 complecti
1048 3581 1160 3625 omnes
1182 3564 1261 3642 partu

148 3665 216 3728 eius
245 3665 463 3748 praestantiae
493 3668 525 3727 et
553 3663 759 3727 auctoritatis
786 3664 948 3747 videmur,
975 3687 1073 3748 quam
1103 3666 1172 3749 pari
1192 3655 1261 3747 perii·
1289 3662 1292 3667 '

147 3773 240 3836 nacia
271 3777 368 3856 atque
399 3771 479 3835 adeo
510 3770 687 3834 acrimonia
715 3770 798 3834 alios
828 3769 926 3836 hodie
957 3771 1121 3838 vindicare
1153 3763 1261 3852 antiqui·

147 3878 224 3942 tatis
254 3878 383 3961 studiis,
411 3877 568 3961 denegare
596 3876 679 3940 alios
708 3876 866 3941 videmus:
898 3879 1028 3962 quando
1056 3880 1259 3945 humanitatem

147 4007 219 4050 eam
243 3984 451 4068 perfectionis
475 3982 694 4047 condicionem
714 3983 975 4069 interpretamur,
999 3985 1040 4050 ad
1058 4008 1155 4069 qnam
1173 3997 1261 4067 aequa
1293 4002 1295 4071 ξ

148 4091 256 4155 biliter
284 4097 317 4157 et
344 4091 521 4156 liberaliter
550 4090 686 4154 excultis
710 4090 921 4157 facultatibus
944 4094 1087 4158 humano
1111 4091 1214 4178 generi
1231 4085 1260 4148 il·
1292 4090 1295 4125 ¹

147 4201 219 4263 sitis
235 4200 356 4264 cunctis
371 4197 538 4281 pervenire
557 4195 665 4279 homo,
684 4197 813 4280 qualem
832 4201 967 4263 naturae
986 4201 1168 4285 benignitas
1185 4189 1261 4265 findi

146 4308 258 4389 possit.
296 4308 345 4370 Ad
365 4307 449 4369 hauc
468 4305 568 4387 igitur
586 4303 823 4368 humanitatem
842 4305 869 4368 si
893 4307 1027 4390 propius
1049 4329 1145 4390 quam
1166 4306 1260 4368 reare

146 4413 222 4477 illos
246 4414 367 4478 nullam
391 4433 544 4496 umquam
568 4412 698 4494 gentem
722 4410 895 4474 accessisse
915 4414 1096 4477 communis
1115 4422 1260 4477 cousensus=
