2886 5032
378 320 449 368 DVO
473 319 737 372 PROGRAMMATA
759 318 946 365 PLAVTINA.
1166 301 1229 366 557

68 468 101 516 et
121 461 169 516 sie
188 478 244 532 per
261 459 389 530 singulos
407 462 586 515 tetrametros
604 459 745 529 deinceps,
763 457 818 513 nisi
832 457 881 513 ubi
896 457 993 512 contra
1007 458 1152 514 testamur.
1174 456 1231 512 Vbi
1245 469 1279 509 vl

69 554 177 605 autam
198 550 352 606 uterisees
370 548 523 620 posuimus,
541 548 676 604 inculcati
695 547 805 602 suntin
826 547 886 603 eolo
905 547 927 600 B
946 547 1058 602 fabulas
1077 564 1175 603 versus
1193 547 1229 602 ab

66 647 126 696 287
151 640 245 708 (Nam
259 655 314 709 pro
333 640 406 694 erili.
419 683 424 694 .
437 640 459 708 .)
479 637 514 692 sd
533 643 585 692 354
603 639 625 706 (.
638 681 643 693 .
655 638 720 703 effe
738 638 823 691 otium
841 639 952 706 meurn):
976 637 1054 690 cuius
1075 637 1115 691 rei
1133 651 1231 692 caussa

66 730 156 785 hand
177 728 267 784 dubie
285 727 350 782 inde
368 725 528 797 repetenda
547 725 622 794 quod
640 726 787 795 archetypi
802 724 906 781 codicis
920 725 1010 779 tribus
1024 724 1135 794 paginis
1149 741 1229 794 prae·

66 820 223 875 termissis
242 817 373 873 librarius
390 817 427 871 ad
446 815 587 886 proximus
605 817 739 885 quattuor
756 815 910 869 transiliret
928 816 957 867 et
974 813 1018 866 his
1037 813 1149 868 demum
1167 830 1229 883 per·

64 896 196 981 aciiptis
215 908 412 962 animadverso
430 922 522 960 errore
541 903 609 960 illuc
628 904 732 960 rediret
863 910 914 958 211
934 904 1046 973 Nepoti
1064 903 1150 958 etiam
1170 902 1228 958 (ΙΙ).

10 1084 14 1111 2
62 1035 199 1104 It'eqocur'
219 1033 249 1086 Ζ.
273 1031 423 1100 Nepecium
441 1029 461 1083 F
569 1031 642 1084 uolet
659 1031 717 1085 uim
732 991 837 1100 {egaram
854 1028 904 1084 De.
929 1030 1000 1082 uiolet
1024 1044 1182 1097 cmnparare
1202 1027 1229 1080 Z.

10 1168 12 1183 .
63 1125 136 1179 uult
159 1119 370 1192 &amparareF
492 1124 543 1172 212
571 1119 626 1185 aiei
644 1119 762 1175 Reiziue.
795 1134 849 1172 om.
868 1117 935 1171 libri
1055 1123 1106 1171 213
1130 1117 1232 1186 nepotis'

10 1198 14 1243 '.
62 1214 132 1269 CD.
179 1212 290 1280 nepocii
309 1209 354 1263 ΕΖ
479 1214 532 1261 214
555 1210 709 1279 accoeperis
727 1209 754 1262 Z.
787 1209 837 1262 lroc
855 1208 963 1275 caperes
977 1207 1026 1261 Da.
1059 1208 1109 1261 hoe
1131 1205 1237 1274 ceperis

62 1303 115 1358 Db
262 1304 315 1353 216
334 1296 434 1353 inclusi
452 1297 486 1349 ut
502 1295 726 1351 additamentum
745 1295 988 1366 languidiseimum
1101 1300 1146 1349 aut
1164 1295 1233 1348 istae

61 1392 264 1446 Hermannua
287 1387 440 1457 praeeunte
462 1384 569 1453 Reizio‚
588 1385 637 1454 qui
655 1387 727 1440 duae
744 1388 813 1440 istae
830 1386 899 1439 satie
917 1384 1126 1454 transponebat.
1163 1383 1238 1448 fatis

59 1482 121 1535 leae
143 1476 231 1543 libri,
250 1475 305 1530 nisi
325 1475 400 1545 quud
417 1475 450 1547 Ιις
467 1475 521 1546 dag
539 1475 588 1539 ref
599 1475 673 1540 satis
685 1475 844 1544 transponit
862 1474 881 1527 Z
1006 1475 1171 1538 restauratur
1189 1472 1233 1527 Da

192 1624 249 1672 216
275 1616 396 1682 [acidus
408 1615 455 1670 ΟΖ
582 1622 633 1669 217
662 1615 747 1670 atil>
873 1566 1065 1685 loquelam
1083 1614 1120 1667 W

10 1750 15 1777 ,
60 1712 156 1766 denso
188 1705 340 1761 Goellerus
368 1704 397 1759 in
425 1705 505 1759 Trnc.
534 1723 561 1774 p.
582 1710 633 1759 105
662 1704 724 1760 coll.
754 1703 837 1760 Mero.
861 1710 921 1761 355.
954 1705 1032 1760 ruodo
1054 1703 1127 1758 libri.
1160 1705 1234 1759 domi

635 1808 649 1834 ΙΙ

59 1849 249 1918 Acidaliae,
267 1848 442 1903 Hermannus
559 1850 610 1900 218
629 1849 685 1912 reos
697 1846 717 1901 C
825 1849 860 1901 ab
879 1847 900 1900 F
1017 1847 1073 1901 aiei
1090 1847 1129 1911 alt
1148 1845 1235 1901 etiam

59 1943 158 1998 CFZ.
201 1936 327 1995 dinizo
439 1936 599 2004 Sequuntur
621 1934 708 1988 etiam
726 1933 755 1988 in
774 1933 825 1989 CD
844 1934 900 1989 ista
914 1938 1061 2006 postquam
1079 1951 1184 1991 aurora
1202 1936 1234 1990 il·

57 2033 145 2087 luxit
169 2043 331 2096 „aequum
349 2025 575 2089 concelfauimus:
595 2040 666 2091 quae
685 2023 863 2093 glossematis
883 2023 978 2079 deberi
993 2025 1135 2081 Auidaliue
1154 2024 1235 2095 vidit,

56 2120 146 2176 miro
177 2112 307 2170 consilio
330 2112 458 2168 defendit
475 2112 658 2167 Hermannus.
705 2113 742 2167 Et
760 2115 869 2184 partem
889 2113 1002 2169 illorum
1020 2115 1077 2169 iam
1096 2114 1143 2168 ΡΖ
1162 2131 1235 2169 rese·

53 2207 217 2266 emerunt:
238 2204 296 2258 diei
314 2204 354 2268 alt
369 2202 517 2271 Postquam
536 2218 641 2255 aurora
658 2201 766 2268 alluxit
780 2208 902 2271 utiquam
916 2205 1137 2269 eoncessuuimaf
1145 2221 1178 2258 ex
1192 2205 1235 2257 in·

54 2299 196 2365 dustria
218 2291 316 2347 ambae
334 2291 512 2346 Lauari...:
546 2288 599 2344 nisi
617 2290 693 2358 quod
711 2306 744 2344 en
763 2290 856 2345 om.Z
979 2298 1031 2346 219
1051 2308 1236 2347 coerceeaumua

10 2372 14 2401 ³
56 2406 126 2445 non
150 2379 336 2453 expediebat
354 2379 492 2434 Beckerue
512 2379 625 2445 Quaest.
641 2398 668 2449 p.
679 2385 721 2448 12,
739 2378 895 2448 perfectum
913 2380 1152 2450 interpretabatur
1170 2396 1234 2433 cum

55 2473 184 2533 Bothio
215 2468 414 2524 Lachmannus
437 2467 466 2522 in
489 2467 569 2523 Lucr.
588 2485 614 2538 p.
635 2474 700 2536 291,
726 2469 801 2522 recte
825 2466 963 2522 iudicavit
986 2467 1182 2524 Fleckeisenus
1206 2469 1235 2523 in

55 2598 181 2657 Annal.
207 2593 281 2664 phil.
301 2596 330 2647 et
347 2592 427 2662 paed.
447 2594 467 2647 t.
486 2592 547 2646 Llll
568 2594 602 2661 (a.
624 2595 703 2661 1850)
723 2611 749 2662 p.
766 2600 799 2646 65
908 2600 961 2647 220
979 2554 1062 2662 serpen·
1079 2593 1113 2651 D.
1133 2595 1237 2663 torpa-ri

57 2690 82 2744 F
221 2678 408 2748 22119111ἱῦ
516 2686 568 2734 222
587 2686 652 2735 aunt
670 2680 790 2735 Reizius.
827 2682 911 2746 nobis
923 2681 990 2735 libri
1096 2681 1235 2736 aneilleB

10 2784 43 2847 Ι·
167 2778 230 2828 229
251 2770 314 2825 Eae
331 2771 381 2840 De,
405 2770 531 2840 Pylades.
551 2770 598 2825 Ea
616 2770 725 2825 BCDa.
746 2787 804 2824 eum
823 2769 869 2822 FZ
943 2772 1075 2826 comasino
1093 2769 1189 2825 addidi
1208 2772 1238 2824 st

10 2852 13 2869 '
58 2862 258 2923 tetrametro
278 2857 427 2914 dimetrum
446 2858 554 2912 subieci
571 2859 607 2913 ad
621 2858 779 2928 exemplum
793 2859 957 2929 Hermanni,
976 2877 1095 2930 quocum
1109 2861 1236 2929 poteram

59 2959 166 3013 etiam
197 2950 292 3019 Vsque
309 2964 419 3017 operum
437 2949 531 3003 dedere
552 2979 592 3003 -.
629 2947 691 3003 Duo
710 2948 866 3002 tetrametri
884 2948 913 3003 in
931 2950 954 3003 B
973 2952 1049 3003 sunt:

307 3072 358 3128 Ea
375 3075 430 3138 nos
442 3073 565 3128 leuando
583 3073 695 3128 eluenda
713 3088 822 3141 operam
837 3074 972 3129 &demant

307 3162 477 3232 querunda
495 3178 564 3231 quae
583 3179 656 3231 aqua
673 3164 738 3227 furit
756 3163 816 3216 uiri
834 3164 889 3219 duo
907 3165 1015 3231 deselli:

70 3294 125 3349 ubi
146 3290 293 3347 desieram
312 3287 345 3355 Z,
373 3286 463 3341 altero
486 3287 579 3340 antem
604 3302 685 3340 versu
703 3289 863 3356 apperunrta
880 3305 950 3357 quae
973 3288 1059 3343 etiam
1078 3287 1134 3356 Da,
1159 3304 1237 3358 ‹1990-

74 3382 178 3436 meula
200 3393 256 3447 que
275 3375 329 3443 Dc,
348 3376 508 3445 aqpmmda
525 3391 580 3443 qua
600 3374 629 3442 C,
648 3376 686 3429 ad
703 3376 905 3445 perpetratumque
924 3378 953 3429 et
970 3376 1052 3430 simul
1072 3395 1172 3446 aqueus
1192 3376 1236 3430 ΡΖ

195 3470 253 3521 229
278 3462 373 3519 Anus.
392 3462 549 3534 praemittit
571 3463 616 3518 Db
640 3490 644 3495 ·
727 3465 829 3534 nepotii
848 3463 907 3520 OD.
936 3467 1041 3534 aspecit
1060 3465 1135 3519 BFZ

77 3577 140 3613 aaa
160 3557 205 3621 eft
225 3551 292 3607 libri
400 3557 451 3606 227
471 3552 537 3623 Sed]
555 3553 581 3616 si
599 3552 645 3605 ΡΖ
741 3553 901 3607 maaeiruoB
991 3559 1041 3607 228
1062 3556 1189 3609 militet
1208 3556 1237 3609 C.

80 3649 129 3701 eui
149 3645 232 3699 latet
250 3640 353 3710 reliqui
455 3642 595 3710 petissent
613 3641 644 3711 F,
663 3642 693 3697 P.
712 3642 827 3698 Merula.
864 3644 941 3711 potis
953 3645 1017 3708 sant
1036 3643 1136 3712 reliqui

81 3738 235 3791 ste-233
259 3747 316 3785 non
335 3746 395 3786 esse
415 3729 508 3786 Plauti
528 3734 634 3786 eertum
653 3733 722 3800 puto
839 3739 890 3786 229
910 3734 984 3786 oanni
1003 3735 1033 3786 in
1053 3732 1082 3789 Β.
1115 3735 1145 3787 iri
1162 3732 1239 3788 omrai

82 3875 192 3945 reliqui
303 3873 440 3945 pietateD
548 3879 598 3926 231
624 3834 787 3941 postremae
904 3876 1003 3939 utullus
1016 3876 1053 3939 cll
1072 3875 1136 3929 libri

84 3968 245 4034 nimquam
264 3961 390 4016 Belbina.
425 3977 620 4030 meutiquam
638 3961 702 4014 libri
819 3961 889 4016 Sunt
908 3966 1003 4018 antem
1021 3964 1091 4020 haec
1109 3966 1137 4018 in
1157 3964 1178 4016 B
1198 3965 1237 4018 eie

84 4054 212 4125 scriptas

258 4138 399 4205 Pellrmw
417 4140 518 4205 modas
529 4140 675 4209 muliebris
686 4141 785 4206 nullus
798 4143 837 4206 est

255 4228 353 4298 Neque
369 4246 498 4299 uinquam
516 4230 638 4284 leuando
656 4234 680 4283 et
697 4231 826 4296 fricaruto
843 4232 948 4296 [timus
959 4232 1068 4299 sacerna
1086 4232 1170 4284 niem.

84 4358 146 4413 Vbi
172 4355 275 4420 [durus
296 4353 387 4422 faeere
408 4370 442 4408 m
461 4355 516 4408 ium
534 4354 712 4409 membranae
731 4354 853 4409 Turnebi
872 4355 941 4410 Λᾶν.
961 4356 1014 4423 ΙΙΙ,
1033 4362 1062 4410 b:
1090 4354 1163 4408 unde
1186 4353 1237 4407 sci-

81 4462 152 4503 mus
175 4445 269 4513 faeere
290 4446 388 4497 mmm
409 4441 442 4495 a.
479 4443 583 4507 scimus
599 4442 689 4509 facere
710 4459 761 4498 nee
785 4443 934 4513 quicquam
957 4448 1103 4513 praeterea
1126 4442 1237 4498 CDFZ.
