2836 5034
474 342 706 391 nararnrscna
728 342 856 390 nuncu.
877 296 886 309 ⁸
1170 324 1234 390 637

134 485 275 551 rolastici
302 490 411 568 partes
435 485 663 570 gravissimam
683 507 760 549 sane
784 491 817 549 et
838 484 1036 570 praeclaram
1061 485 1185 550 habent
1204 485 1237 549 in
1285 514 1288 521 ·

145 594 236 676 ipsae
268 593 596 673 commendationem,
624 593 685 656 etsi
715 614 753 656 ex
782 592 1015 657 snbolesceutis
1046 592 1164 656 aetatis
1195 592 1236 657 ad

134 700 319 764 manitatem
335 699 565 764 informatione
580 699 730 782 voluptas
745 720 872 782 quoque
887 699 1064 782 percipitur
1077 698 1235 762 honestis-

134 829 181 871 ra:
217 811 325 870 tamen
349 805 429 871 haec
459 806 564 870 omnis
595 806 810 890 praestantia,
838 806 956 891 quippe
984 827 1066 889 quae
1096 826 1113 868 e
1145 804 1233 869 boni·

134 914 166 978 is
189 918 222 978 et
245 913 377 978 virtutis
401 914 534 978 notione
559 918 736 996 censeatur,
760 913 800 977 ad
819 913 961 978 animum
982 917 1015 976 et
1034 933 1140 976 mores
1164 933 1234 994 per·

134 1025 183 1104 et,
204 1042 268 1086 non
300 1021 442 1103 pertinet
464 1020 504 1084 ad
530 1024 682 1102 mentem,
709 1040 792 1103 quae
820 1019 910 1084 fonte
932 1018 1042 1084 divino
1065 1022 1236 1104 prognata,

142 1128 284 1193 divinam
320 1127 462 1191 indolem
492 1125 662 1190 nutriendo
687 1126 736 1188 sui
760 1125 899 1190 similior
921 1128 992 1211 fiat,
1021 1125 1235 1190 vehementis·

134 1257 169 1300 ro
187 1233 293 1298 studio
322 1233 387 1297 veri
408 1232 623 1316 investigandi
644 1254 771 1297 summo
786 1236 921 1296 naturae
940 1233 1095 1298 beneficio
1114 1232 1237 1297 donata

134 1364 147 1405 u
182 1340 267 1405 Huic
290 1344 398 1405 autem
419 1338 536 1421 studio,
559 1338 658 1403 insito
677 1339 859 1422 unicuique,
883 1340 938 1423 qui
958 1338 1002 1403 sit
1018 1340 1129 1424 paullo
1152 1360 1235 1403 erec·

134 1448 178 1512 ris
204 1447 341 1532 ingenii,
379 1445 473 1510 facile
503 1445 705 1531 intellegitur
731 1467 798 1510 non
825 1467 922 1529 posse
949 1468 988 1509 ea
1015 1446 1101 1510 vitae
1128 1443 1234 1510 condi·

134 1577 177 1619 me
196 1553 359 1636 satisfieri,
384 1574 466 1636 quae
488 1552 527 1617 ad
551 1574 645 1616 nsum
670 1573 871 1617 communem
892 1557 1017 1637 spectat
1038 1551 1154 1634 solum,
1178 1549 1234 1615 sed

134 1666 175 1726 :to
200 1681 317 1746 genere
348 1660 487 1743 quodam
515 1659 697 1724 litterarum
725 1681 806 1742 opus
839 1681 910 1723 esse
938 1659 1005 1724 siue
1035 1655 1234 1743 philosophi·

134 1789 195 1831 ram
214 1766 280 1832 sive
304 1766 531 1831 historicarum
557 1765 703 1851 (quando
720 1766 771 1831 his
791 1766 915 1831 duabus
933 1766 1080 1851 partibus
1100 1764 1235 1828 scientia

134 1895 228 1939 ,mana
242 1874 349 1938 omnis
364 1871 673 1958 comprehenditur),
692 1873 777 1957 quod
792 1873 922 1958 quidem
937 1893 1050 1958 genus,
1073 1895 1093 1937 a
1108 1874 1234 1956 'cogna-

134 2007 137 2040 ι
158 1980 327 2065 generibus
352 1981 545 2045 necessariis
570 1980 727 2045 limitibus
747 1979 1021 2063 discriminatum,
1046 1979 1081 2044 iu
1105 2001 1139 2044 se
1162 1980 1235 2063 ipso

151 2087 339 2172 principium
370 2091 402 2153 et
429 2088 528 2151 linem
551 2087 671 2151 habeat
694 2109 802 2169 sunm,
831 2086 892 2169 rel,
916 2090 952 2150 ut
974 2108 1048 2150 cum
1072 2086 1234 2151 vetedbus

134 2216 216 2279 quar,
243 2195 324 2260 artis
353 2196 490 2260 sormam
519 2199 551 2258 et
579 2194 804 2259 necessitatem
832 2214 910 2276 prae
940 2214 975 2256 se
998 2192 1092 2257 ferat.
1137 2191 1233 2257 Eius·

134 2301 305 2367 odientem
333 2324 385 2366 ars
409 2301 565 2385 quaedam
589 2301 648 2365 illa
676 2305 727 2365 est
753 2300 965 2385 philologica,
993 2299 1045 2364 cui
1077 2320 1148 2363 sese
1180 2300 1234 2364 de·

134 2424 165 2471 re
180 2409 334 2490 uidemus,
360 2413 576 2492 quotcumque
596 2412 740 2471 veterum
765 2406 950 2491 linguarum
973 2405 1122 2471 doctores
1141 2405 1233 2471 scho-

134 2514 192 2578 stici
211 2537 245 2578 se
262 2536 375 2597 supere
395 2536 492 2598 supra
512 2515 627 2600 vulgus
648 2515 760 2579 volunt
779 2513 889 2599 fruges
905 2535 1094 2579 consumere
1108 2517 1233 2579 uatum.

134 2622 196 2702 lque
219 2623 267 2686 ita
285 2622 423 2704 demum,
442 2622 627 2687 consociata
645 2644 718 2686 cum
738 2621 924 2687 scholastici
944 2622 1125 2706 magisterii
1141 2644 1234 2706 prae·

134 2724 164 2790 iis
193 2735 320 2793 strenue
353 2733 521 2813 perceptae
554 2729 634 2793 artis
667 2729 848 2813 voluptate,
877 2749 953 2792 vera
981 2728 1038 2792 illa
1065 2727 1233 2794 beatitudo

134 2834 245 2917 scitur,
277 2858 374 2919 quarn
403 2836 556 2919 bipertita
584 2839 701 2900 natura
729 2835 847 2900 indolis
876 2835 1035 2899 hnmanae
1063 2836 1234 2921 efflagitat.

179 2939 269 3004 Nunc
306 2944 423 3017 autern,
460 2947 633 3026 postquam
667 2944 898 3026 praestitutum
935 2944 1078 3028 spatium
1111 2944 1233 3008 emensi

134 3065 215 3131 rurus,
256 3047 406 3111 conducit
448 3048 588 3131 reliquas
631 3049 818 3132 disciplinas
855 3051 1115 3134 circumspicere,
1156 3073 1232 3114 uum

134 3156 187 3235 τῖε,
211 3177 291 3239 quae
320 3154 424 3218 adhuc
455 3155 692 3238 exploravimus
721 3157 858 3221 rationis
882 3158 1094 3241 necessitate,
1127 3179 1232 3222 exsur-

134 3279 214 3324 ornm
251 3261 492 3345 comparatione
534 3262 772 3327 collustrentur.
829 3262 857 3327 E
895 3264 1012 3348 quibus
1050 3264 1232 3349 disciplinis

134 3362 182 3427 ula
213 3375 275 3451 est,
312 3391 394 3453 quae
431 3369 548 3433 rectius
585 3391 658 3433 cum
691 3371 871 3456 philologia
904 3371 1104 3455 conferatur,
1136 3394 1232 3457 quani

134 3471 261 3558 reologia
305 3474 416 3540 Monet
445 3475 539 3559 hora,
566 3482 602 3540 ut
630 3477 817 3541 summatim
845 3478 959 3542 diosna
1007 3479 1052 3543 ut
1080 3480 1234 3563 quiscat,

134 3571 172 3638 lin
204 3583 414 3663 persentiscat
451 3583 650 3647 consimilem
688 3584 910 3649 condicionem
942 3608 1068 3667 eorum,
1107 3586 1161 3670 qni
1200 3587 1232 3652 in

134 3695 159 3740 ⁰⁰
179 3685 276 3752 vitam
299 3694 501 3772 consumunt,
526 3695 561 3754 ut
580 3696 730 3755 aeternae
750 3692 846 3757 saluti
867 3692 1100 3777 prospicientes
1120 3693 1160 3757 ad
1180 3693 1232 3758 dei

134 3785 209 3855 timi
235 3795 363 3859 maximi
392 3819 551 3880 amorem,
581 3797 620 3862 ad
649 3821 775 3864 morum
804 3801 1067 3884 sanctimoniam,
1097 3801 1234 3885 denique
1342 3832 1349 3845 ·

134 3882 325 3983 [religionis
353 3904 506 3987 pictatem
537 3925 640 3988 genus
668 3906 846 3972 humanum
869 3907 1046 3973 informent
1069 3913 1137 3974 tam
1161 3933 1233 3994 pro-

134 3996 175 4060 i0
214 4010 408 4091 populariter
440 4016 474 4074 et
506 4011 546 4075 ad
585 4034 787 4077 communem
820 4017 951 4099 captum
984 4016 1235 4100 accommodate,

134 4117 155 4162 ¹¹
183 4115 351 4200 neglectis,
380 4123 417 4181 ut
440 4123 489 4181 est
513 4125 780 4203 consentaneum,
809 4121 1068 4207 theologicarum
1093 4124 1232 4208 discipli·

134 4222 206 4274 rum
238 4223 335 4305 copiis
365 4246 401 4287 ac
431 4224 621 4307 luminibus,
652 4232 701 4308 ut,
732 4249 788 4290 cur
819 4228 949 4293 tandem
982 4231 1015 4294 iu
1048 4230 1108 4295 hus
1141 4235 1233 4296 tanto

134 4326 186 4375 ³¹¹0
201 4319 446 4395 incumbendum
468 4333 520 4415 sit,
541 4355 654 4417 parum
672 4335 857 4418 perspicias,
877 4337 939 4401 nisi
956 4338 1086 4422 quidem
1101 4359 1235 4420 poscere

134 4432 137 4466 ²
171 4418 318 4499 divinam
347 4437 484 4502 indolem
513 4439 613 4504 animi
642 4439 774 4505 humaui
803 4444 1003 4528 memineris,
1034 4449 1070 4509 ut
1100 4445 1142 4509 ab
1172 4445 1233 4510 hac
