2836 5034
131 324 197 388 37ss
420 339 682 388 ruouroousrr
706 339 753 386 uu
777 336 991 387 rumorosus

223 484 306 549 Tute
330 484 416 548 ultro
441 483 482 547 ud
505 505 556 548 me
579 483 719 547 tetulisti
743 487 777 548 et
799 480 920 548 dedisti
943 503 1017 548 eum
1038 482 1116 547 douo
1132 482 1198 548 uili:

134 649 269 713 prorsus
292 626 334 691 ad
357 648 431 690 eum
454 624 587 691 modum
610 646 673 710 quo
698 625 796 717 etiam
815 624 932 691 Bacch.
946 623 1103 710 111,3,78.
1121 623 1223 709 Nure

135 741 169 802 et
190 734 249 818 IV,
263 735 293 817 9,
308 734 350 799 36
375 733 461 798 tetuli
484 735 673 816 corruptum
696 734 747 796 est
769 731 804 796 in
826 731 943 797 detuli?

223 842 356 905 Praeter
374 861 428 903 eus
447 838 587 922 voculas,
611 860 631 903 u
654 837 770 922 quibus
794 839 901 903 exorsi
924 859 1047 924 sumus,
1068 861 1085 904 e
1106 839 1180 905 vitae
1193 861 1230 904 uu

136 949 298 1015 communi
323 948 484 1012 fluxerunt
507 945 607 1010 etium
630 946 715 1010 inde
738 948 833 1011 uude
856 948 959 1013 intus
980 948 1080 1012 inter
1099 950 1234 1030 compost

136 1057 254 1122 omnis
282 1055 440 1121 vocabulo
468 1057 617 1138 correpta
638 1054 852 1140 paenultima,
881 1076 1080 1140 quamquam
1100 1055 1190 1120 multo
1204 1077 1236 1120 ru

11 1184 123 1226 oxxvn
138 1163 219 1243 rius,
256 1165 426 1247 usurpato:
464 1161 581 1246 quibus
615 1165 744 1245 praeter
775 1160 948 1228 veritatem
983 1162 1163 1227 existimato
1190 1164 1238 1227 suut

137 1269 256 1334 hercle
292 1291 374 1352 croc
410 1269 555 1351 quippe,
593 1268 658 1333 aliu
690 1268 850 1334 accedere.
894 1269 1034 1335 Hercle
1066 1269 1177 1354 corripi
1200 1269 1241 1333 im

138 1375 305 1441 Bentleius
328 1376 363 1440 in
385 1374 469 1439 Eun.
495 1374 532 1459 V,
551 1375 581 1457 8,
594 1375 638 1439 43
663 1373 758 1440 ‘crus'
781 1376 888 1460 iuquit
910 1374 1079 1441 ‘credam'2
1102 1373 1244 1440 'lriuumui

139 1505 166 1547 v.
190 1482 233 1547 52
256 1504 391 1567 pravum
414 1482 721 1567 pronuntiationem,
744 1504 773 1547 v.
792 1482 855 1548 507
880 1483 988 1568 ipsam
1009 1504 1123 1549 vocem
1144 1482 1246 1546 Ambio

138 1590 249 1654 sisnus
273 1589 419 1673 sustulit3
444 1612 472 1654 v.
495 1588 560 1654 559
584 1592 641 1654 out
662 1590 760 1656 hercle
783 1612 822 1654 ex
844 1589 1029 1674 insequenti
1053 1591 1110 1655 cut
1133 1611 1168 1653 ex
1186 1609 1248 1673 prce

139 1693 328 1759 cedentibus
346 1695 469 1775 quodem
487 1694 620 1779 irrepsit
629 1693 675 1781 *);
699 1695 800 1760 simili
819 1716 927 1760 errore
946 1694 1189 1760 vitiosissimum
1204 1716 1249 1779 pro

140 1800 403 1865 celeusmaticum
426 1800 524 1865 hercle
545 1800 598 1866 illc
619 1803 742 1883 quidem
765 1802 867 1867 um
893 1799 1108 1889 efficiunt**);
1126 1802 1250 1888 proluet

139 1906 236 1972 hercle
268 1909 354 1970 recte
385 1906 531 1991 procedit
563 1930 591 1971 v.
615 1907 657 1974 58
682 1908 736 1992 [cf.
763 1932 794 1994 p.
819 1924 900 1974 cmv
928 1904 1049 1994 (399)].
1096 1908 1147 1974 Ad
1175 1913 1252 1975 celeu

141 2014 301 2098 exemplu,
334 2035 416 2098 quoe
444 2015 479 2078 in
507 2014 667 2098 corruptis
698 2014 844 2080 versibus
874 2018 951 2079 sunt
974 2015 1100 2100 omnia,
1128 2038 1204 2082 nuuc
1221 2036 1253 2080 cr·

140 2120 275 2206 spatiari
299 2121 431 2206 longum
456 2124 514 2184 est
532 2157 569 2166 —
587 2118 779 2205 correptum
802 2117 960 2208 croo***)
979 2121 1163 2188 Trinummi
1180 2102 1261 2187 vell

141 2226 279 2290 vitiabat
308 2231 383 2291 unte
411 2226 629 2291 certissimam
654 2226 759 2291 Reizii
783 2225 1080 2312 transpositionem.
1127 2228 1256 2314 Trumpc

140 2333 245 2398 nendo
270 2333 369 2398 etium
393 2332 510 2397 Militis
533 2331 590 2418 IV,
614 2334 643 2416 2,
670 2335 709 2398 17
734 2331 999 2398 succurrendum:

230 2459 302 2560 Ego
327 2475 481 2540 contiuuo
505 2477 638 2538 uxorem
662 2474 746 2540 hunc
769 2475 896 2541 ducum.
921 2512 959 2522 -
989 2475 1083 2561 Ergo
1107 2478 1188 2542 hinc
1209 2473 1263 2561 quil

941 2582 1072 2648 dubitus
1097 2583 1251 2668 conloqui?

143 2725 259 2788 Persae
284 2725 309 2807 Ι,
336 2729 361 2805 1,
385 2726 427 2788 ‘26
453 2747 489 2788 ex
515 2723 732 2788 Ambrosiuno
757 2725 803 2788 sic
826 2726 1061 2791 restituendus:

231 2883 314 2959 Quid
343 2905 403 2968 ego
431 2883 572 2947 faciam?
606 2871 715 2948 deisne
745 2884 900 2951 aduorser
928 2887 1021 2970 quusi
1050 2887 1187 2951 'lituni‘l
1218 2870 1288 2952 cuu³

941 2982 985 3057 tis
1010 2994 1214 3078 belligerem,

355 3096 482 3173 Quibus
507 3104 558 3161 sut
582 3120 651 3162 esse
675 3100 740 3162 min
764 3098 904 3183 queam?

143 3238 192 3302 Ex
217 3260 268 3320 coo
292 3244 399 3302 ortum
422 3261 491 3322 cryc
515 3240 657 3303 eiusdem
681 3241 809 3305 fabulae
833 3240 874 3323 Π,
898 3241 928 3318 2,
952 3242 987 3305 3:
1012 3243 1093 3305 item
1119 3242 1220 3308 Poeu.
1236 3240 1281 3324 lu,

143 3348 173 3427 ⁸2,
199 3347 249 3428 il,
273 3368 367 3429 quem
392 3347 437 3410 sic
461 3347 596 3410 emendo
621 3348 708 3410 viam
732 3352 936 3412 monstrante
959 3348 1203 3415 Ambrosiano:

232 3487 349 3551 Fricile.
375 3527 414 3534 —
440 3487 521 3552 Face
546 3508 605 3571 ego
630 3488 661 3552 id
685 3488 778 3553 focile
803 3495 1117 3575 uoscsmergo,1it
1142 3492 1200 3557 ille
1223 3513 1283 3576 pos·

944 3597 988 3660 sit
1010 3599 1159 3662 noscere.

145 3735 247 3799 Stichi
271 3736 310 3803 t.
334 3739 368 3815 4,
392 3739 435 3800 45
459 3738 627 3800 delendum
650 3759 718 3821 oye,
742 3746 777 3802 ut
804 3761 821 3802 e
843 3739 1047 3823 praegressis
1071 3739 1213 3806 illatum.
1254 3737 1281 3802 lu

250 3928 275 3975 *t
296 3927 461 3996 [Vtramque
484 3930 612 3983 voculam
636 3930 665 3983 iu
684 3930 726 3984 ed.
746 3931 795 3985 ult.
820 3933 879 4000 (ubi
903 3932 938 3987 ct
958 3931 1048 4003 procl.
1067 3950 1094 4002 p.
1117 3936 1214 4000 uxvu)
1237 3948 1277 3985 ser·

145 4014 223 4067 vovit
239 4013 414 4071 liitschelius.
434 4017 523 4070 multo
539 4021 634 4072 tumen
654 4019 772 4074 leuiores
788 4019 899 4090 prodire
917 4037 1050 4076 numeros
1069 4038 1187 4077 mouens
1204 4021 1275 4075 uteo

145 4102 258 4157 deletus!

234 4188 272 4223 *⁸*
293 4192 340 4259 {ln
369 4192 411 4244 ed.
436 4193 484 4246 ull.
513 4198 618 4263 quidem
647 4198 768 4251 seruerit
796 4198 854 4252 obit
881 4214 934 4266 pro
962 4198 1034 4253 utic
1062 4215 1197 4269 reponem
1219 4210 1268 4249 cun

145 4279 262 4350 licinio]

146 4466 154 4507 t
175 4456 195 4508 u
223 4365 439 4511 ᾗῗὶῖῑξζὶιὲῡναιιο
458 4372 524 4426 olim
545 4386 697 4444 erueeepts
715 4376 762 4429 diu
781 4380 876 4430 estex
895 4393 952 4444 quo
970 4377 1151 4433 mtrtcbuds
1167 4388 1215 4430 osse
1228 4371 1255 4423 iu·

158 4472 173 4507 e
198 4474 248 4510 uxr.
355 4503 359 4511 .
382 4478 386 4527 ξ
