2836 5034
476 337 711 387 urruuvrscnn
735 340 861 388 asnar.
1171 326 1237 391 645

124 485 257 565 eretur,
275 482 406 547 etiamsi
420 481 568 566 publicae
588 482 834 568 significationis
854 483 1057 549 sollemnitas
1074 486 1167 550 nulla
1185 508 1236 551 ac·

124 589 228 654 ieret.
280 588 343 654 Sed
375 592 485 654 tamen
520 611 591 654 eam
624 612 696 654 cum
731 590 860 655 illorum
892 592 1034 656 virorum
1067 591 1236 676 sapientia,

127 696 208 761 ibus
235 699 366 761 nostrae
394 718 445 761 res
474 718 568 761 curae
598 702 688 781 sunt,
721 702 754 762 et
777 698 986 764 constituerit
1007 702 1040 763 et
1062 719 1236 783 perennem

124 824 168 868 se
188 803 338 882 voluerit,
359 825 426 867 non
449 807 558 886 potest
581 803 642 869 hoc
665 827 730 870 non
753 810 838 870 recte
863 808 896 869 et
914 804 1089 870 salubriter
1107 805 1234 869 institu-

124 930 164 973 m
189 909 296 974 videri.
342 909 489 975 Primum
517 912 603 976 enim
632 912 737 996 pietas
765 911 826 977 hoo
855 911 1073 996 efflagitabat,
1106 916 1155 995 ut,
1183 911 1235 977 eui

124 1036 173 1080 sec
197 1016 379 1082 litterarum
408 1018 603 1084 universitas
631 1020 723 1103 plura
751 1019 883 1084 deberet
914 1023 948 1084 et
981 1019 1105 1084 maiora
1138 1040 1235 1104 quam

124 1125 215 1189 *teras
248 1124 405 1190 bonamm
439 1126 558 1190 artium
582 1124 681 1222 ,sedes
711 1126 882 1209 beneficia,
915 1126 944 1191 ei
972 1126 1077 1192 honos
1106 1148 1235 1212 quoque

124 1231 282 1296 ¹culentior
304 1232 345 1297 ab
369 1233 480 1298 eadem
504 1232 705 1297 haberetur·
733 1232 819 1298 Nam
843 1256 916 1299 cum
941 1233 1084 1320 reliquae
1107 1254 1235 1298 conser-

124 1341 237 1403 storem
261 1361 438 1424 sanequem
461 1340 629 1404 liberalem
654 1340 909 1425 clementemque
932 1340 1050 1407 Dlvvu
1074 1340 1233 1406 quum-

124 1461 166 1510 vrr
181 1446 394 1512 Gvruuuuvu
417 1447 467 1511 ΙΙΙ
491 1451 691 1531 venerentur,
714 1451 749 1511 at
771 1446 851 1512 haec
873 1450 986 1511 nostra
1009 1451 1042 1511 et
1064 1467 1234 1512 conserva·

124 1571 195 1616 »rem
217 1558 250 1618 et
273 1554 473 1619 conditorem
497 1553 643 1637 suspicit,
667 1555 798 1639 eiusque
821 1552 997 1639 singularis
1021 1554 1144 1637 gratiae
1168 1575 1234 1619 non

124 1656 188 1723 abet
214 1659 280 1724 nisi
309 1681 405 1725 unam
434 1661 565 1725 sociam.
616 1659 679 1725 Sed
708 1661 793 1745 quod
822 1660 927 1743 pietas
955 1658 1116 1745 flagitare,
1148 1660 1233 1725 idem

124 1765 222 1831 radere
251 1771 285 1832 et
307 1767 531 1832 commendare
555 1767 737 1833 honestatis
762 1766 903 1832 studium
928 1766 1031 1830 visum
1056 1771 1113 1831 est
1158 1765 1233 1832 Per·

124 1877 177 1938 net
197 1875 281 1939 enim
302 1873 364 1938 huc
383 1874 465 1939 illud
483 1875 647 1940 communi
668 1875 862 1958 sapientium
881 1896 960 1941 voce
979 1874 1234 1959 comprobatum,

124 1980 178 2044 uod
199 2003 271 2045 cum
295 1981 455 2047 bonorum
475 1981 644 2046 bominum
665 2003 841 2069 eorumque
860 2002 1018 2065 carorum,
1041 1986 1110 2046 tum
1129 1982 1233 2047 multo

124 2084 189 2152 siam
222 2088 326 2173 magis
359 2108 552 2173 magnorum
586 2087 743 2172 virorum,
775 2107 976 2173 quorumque
1002 2087 1071 2152 vita
1097 2088 1133 2154 in
1160 2110 1233 2155 con-

124 2200 204 2274 rectu
227 2196 370 2261 omnium
394 2195 502 2279 posita
523 2195 595 2279 fuit,
615 2232 657 2242 —
681 2193 798 2260 horum
822 2195 922 2278 igitur
944 2193 1030 2279 quod
1052 2195 1232 2262 recordatio

124 2300 227 2367 abetur
250 2303 496 2367 incitamentum
519 2303 650 2368 virtutis
681 2308 715 2369 et
737 2301 917 2368 voluntatis
941 2300 1158 2367 certissimum
1182 2304 1233 2368 fir·

124 2415 295 2474 lamentum.
332 2409 380 2473 Ao
398 2409 461 2473 fuit
479 2409 626 2476 bociam
646 2410 808 2475 veteribus
827 2430 1029 2493 persuasum:
1053 2430 1134 2495 quos
1159 2431 1232 2475 con-

124 2519 159 2578 at
182 2518 299 2582 statuis
328 2517 611 2602 monumentisque
641 2518 757 2601 positis
788 2518 906 2582 virtute
930 2516 1165 2600 praestantium
1189 2517 1233 2581 ci·
1247 2539 1281 2579 1v

124 2616 177 2686 ium
207 2629 239 2688 et
267 2622 422 2687 honorem
447 2628 634 2707 prosecutos
659 2646 729 2689 esse
755 2628 789 2688 et
811 2623 1000 2689 memoriam
1024 2644 1232 2688 conservasse

124 2728 210 2809 uplici
239 2729 367 2813 quidem
396 2730 532 2795 consilio
561 2730 636 2795 hoc:
668 2731 808 2814 primurn
838 2730 921 2814 quod
951 2729 984 2794 id
1019 2729 1128 2795 deberi
1158 2751 1231 2793 raro

124 2837 308 2900 ›mestantiae
328 2835 488 2901 humanae
508 2837 654 2920 exemplo
675 2837 837 2901 videretur
855 2859 956 2920 eaque
975 2860 1010 2901 re
1030 2836 1126 2901 simul
1146 2837 1231 2921 grati

124 2939 192 3004 nimi
223 2944 417 3009 testificandi
454 2944 611 3009 desiderio
646 2966 771 3027 eorum,
804 2946 859 3028 qui
893 2944 1083 3029 superstites
1116 2950 1232 3027 essent,

124 3046 272 3134 atisfieret5
300 3051 414 3116 deinde
438 3054 474 3115 ut
497 3053 594 3116 ceteri
618 3051 704 3116 cives
728 3051 885 3117 haberent
908 3073 1003 3136 quam
1029 3052 1230 3118 intuerentur

124 3168 254 3238 unquam
279 3158 389 3222 vivam
414 3159 590 3243 imaginem
615 3181 724 3224 earum
750 3160 915 3242 virtutum,
938 3182 1018 3243 quas
1042 3162 1075 3224 et
1093 3158 1232 3224 admira-

124 3263 202 3326 entur
222 3268 255 3328 et
277 3265 407 3348 assequi
432 3265 649 3330 aemulatione
673 3265 847 3329 studerent.
884 3264 1059 3330 Laudabile
1083 3287 1161 3331 sane
1184 3266 1231 3330 in·

124 3361 252 3435 titutum:
277 3370 333 3434 sed
356 3371 551 3436 laudabilius
576 3373 674 3436 etiam
698 3371 758 3435 hoc
778 3376 934 3455 nostrum,
958 3394 996 3437 eo
1016 3372 1145 3457 quidem
1164 3373 1230 3436 lau·

124 3463 241 3560 labilius,
264 3501 329 3563 quo
353 3479 536 3545 efficaciora
559 3484 635 3543 sunt
659 3503 741 3564 qum
764 3480 798 3543 in
822 3483 944 3543 mentes
968 3501 1038 3544 sese
1062 3480 1232 3544 insinuant

124 3590 187 3651 [mm
213 3607 293 3668 quae
323 3587 491 3651 incurrunt
518 3588 551 3650 in
581 3587 705 3670 oeulos,
738 3609 863 3671 quoquc
891 3587 1023 3670 propius
1052 3587 1091 3650 ad
1121 3608 1230 3652 veram

124 3694 195 3754 urum
226 3697 395 3777 naturam,
433 3717 498 3759 non
539 3698 706 3758 externam
740 3698 865 3758 tantum
900 3694 1047 3758 veritatis
1081 3695 1230 3778 speciem,

124 3786 188 3856 “ba
209 3803 242 3864 et
264 3802 369 3865 oratio
395 3801 550 3866 accedunt
573 3822 672 3885 quam
696 3802 941 3865 simulacrorum
966 3800 1112 3864 artificia.
1158 3799 1230 3866 Hoc

124 3886 190 3967 titur
210 3929 270 3990 par
293 3911 343 3971 est
366 3907 494 3971 credere
523 3907 595 3972 illos
620 3930 746 3992 quoque
770 3912 948 3990 spectasse,
979 3929 1116 3991 quorum
1141 3930 1229 3971 man-

124 3995 164 4062 tto
195 4011 257 4077 huc
291 4014 386 4079 hodie
419 4012 638 4079 convenimus.
685 4013 746 4091 Qui
781 4036 843 4097 quo
877 4013 1032 4078 maiorem
1063 4014 1128 4078 vim
1159 4036 1229 4078 esse

124 4100 183 4180 tius
205 4119 403 4185 laudationis
427 4121 612 4203 voluerunt,
636 4142 673 4183 eo
697 4121 828 4205 gravius
853 4120 932 4185 mihi
957 4142 1072 4185 munus
1096 4120 1227 4205 imposi-

124 4224 156 4277 Ψ
185 4226 291 4292 sentio
321 4232 353 4291 et
382 4227 432 4291 cui
458 4227 509 4291 vix
537 4250 556 4291 a
586 4249 636 4292 me
666 4227 869 4292 satisfactum
898 4228 938 4292 iri
962 4250 1096 4312 sperem.
1143 4225 1228 4293 Nolo

124 4333 242 4400 'musto
271 4335 455 4400 oratoribus
484 4356 572 4399 more
601 4337 635 4399 in
659 4337 840 4401 excusanda
863 4337 982 4401 virium
1005 4334 1228 4399 imbecillitate

124 4439 156 4497 ἥ
170 4442 302 4508 morari.
334 4440 405 4518 Qua
423 4443 485 4507 etsi
505 4442 606 4507 sciam
625 4464 692 4507 non
714 4463 808 4526 posse
828 4443 878 4508 vel
893 4442 1009 4507 borum
1023 4441 1227 4507 sollemnium
