2886 5032
146 330 213 396 692
271 343 428 394 onmem
453 342 522 390 Ant*
544 341 605 389 DIE
628 338 809 389 sanAcn‘r
834 338 904 388 VON
926 338 1197 387 mmmmm.

190 489 303 567 Δηίοις
327 487 460 566 ἀντίβιοι
484 485 594 550 Γὸτθοι
618 484 710 563 μόνοι
734 483 939 562 ἐςτιχόωντο·

190 596 333 674 Πληςίον
356 592 439 658 ἀλλά
463 594 663 671 παρέςτηκαν
686 592 803 656 κλειτοὶ
827 591 1002 672 ἐπίκουροι,

190 702 327 767 (αξόνες
350 701 535 780 ἀγχέμαχοι,
559 701 590 764 οἳ
614 699 768 778 (αξονίην
791 700 946 777 ἐνέμοντο

193 811 306 888 Καλήν,
330 809 483 886 ἠγαθέην·
507 808 643 871 δεύοντο
667 808 703 870 δέ
727 806 874 885 θούριδος
897 804 1006 882 ἀλκῆς.

193 915 232 981 Οἱ
257 918 314 994 μὲν
338 914 480 994 κοίρανοι
503 915 582 994 ἦςαν
606 915 654 979 ἐνὶ
677 918 800 996 ςτρατῷ
824 913 881 990 ἠδέ
905 914 1070 991 μέδοντες,

191 1025 247 1088 Καὶ
272 1027 310 1102 δή
335 1020 364 1100 ῥ’
387 1021 620 1100 ἀμφοτέρωθεν
643 1022 859 1101 ἐκαρτύναντο
883 1020 1058 1100 φάλαγγας

189 1130 426 1207 Προφρονέως·
449 1129 588 1191 κατιδὼν
611 1126 640 1191 δ’
662 1130 695 1193 ἐξ
720 1129 845 1207 αἰθέρος
869 1126 1062 1205 ἀτρυγέτοιο

191 1237 288 1299 Γαῖαν
311 1233 492 1312 ἀπειρεςίην
515 1239 649 1299 πυκνοῖς
672 1235 795 1301 ἐτίναξε
819 1239 988 1313 κεραυνοῖς

188 1340 363 1407 Ἀθάνατος
386 1341 460 1406 θεδς
484 1340 593 1404 αὐτός·
616 1342 765 1405 ἐπέςτενε
789 1340 818 1404 δ’
841 1342 981 1419 οὐρανὸς
1006 1341 1113 1420 εύρύς.

189 1449 251 1514 (ὺν
274 1447 303 1511 δ’
325 1447 389 1525 άμα
408 1447 440 1509 ἰς
463 1445 595 1525 ἀνέμοιο
619 1447 788 1511 κονίςαλον
811 1446 1034 1527 ἐςφαράγιῑεν,

190 1556 246 1618 Καὶ
269 1554 370 1631 φέρεν
393 1551 472 1617 ἔνθα
496 1553 546 1616 καί
570 1552 648 1617 ἔνθα
670 1555 748 1632 κακὴ
773 1554 836 1631 πρὸ
860 1555 980 1618 θύελλα
1004 1557 1129 1638 θυέλλῃ

190 1659 292 1743 Ἀτμῷ
316 1660 351 1723 δέ
375 1661 509 1743 φλογέῳ
533 1661 606 1724 λαοὶ
629 1661 730 1739 πυρὸς
755 1659 967 1740 εἰλυφόωντο,

190 1768 246 1831 Καὶ
270 1765 393 1844 μεγάλα
418 1768 595 1846 βρομέουςα
618 1765 658 1831 δι’
681 1767 776 1845 ἠέρος
799 1768 931 1846 ἐξεχύθη
955 1767 1050 1846 φλόξ.

188 1873 276 1938 ’Ἑζεε
300 1874 336 1936 δέ
361 1874 448 1950 χθὼν
471 1877 566 1951 πᾶςα,
590 1875 640 1938 καὶ
664 1871 792 1952 ἄμφεπε
817 1875 933 1953 θερμὸς
956 1872 1059 1954 ἀύτμή

188 1979 285 2045 Υἱέας
308 1978 510 2056 Αύςτριακῶν
533 1980 584 2043 καὶ
608 1979 745 2044 Γότθους
769 1980 1016 2059 χαλκοχίτωνας.

189 2088 354 2163 Φθέγξατο
378 2084 407 2149 δ’
430 2086 467 2150 ἐν
490 2085 590 2169 πεδίῳ
614 2087 728 2164 ἐρατῆς
753 2086 926 2163 ςάλπιγγος
950 2088 1018 2167 ἰωή,

190 2192 267 2258 Ἤτε
292 2192 488 2271 μετάγγελός
511 2194 574 2256 ἐςτι
598 2195 751 2271 δυςηχέος
774 2192 888 2271 Ἀρεος
911 2192 995 2258 ὄςςα

190 2300 253 2379 Τῆς
277 2298 306 2362 δ’
328 2300 398 2364 ἐπεὶ
422 2299 481 2362 οὐν
504 2300 620 2376 φωνὴν
644 2302 733 2362 λαῶν
756 2300 858 2377 ςτίχες
882 2300 1078 2380 είςήκουςαν,

191 2408 295 2471 Πάςιν
318 2406 428 2484 ὀρίνθη
453 2405 551 2481 θυμὸς
575 2404 622 2467 ἰδέ
644 2404 762 2483 τρόμος
786 2404 901 2486 ἔλλαβε
925 2411 1002 2483 γυῖα

188 2515 271 2578 Τοὺς
295 2513 413 2577 ἀλλους
436 2532 471 2576 τε
496 2513 546 2576 καὶ
570 2511 670 2575 αὐτοῦ
694 2546 734 2557 -
761 2511 779 2575 δ
802 2513 864 2590 γάρ
887 2514 986 2577 κακὸν
1009 2513 1123 2580 ὄςςετο
1149 2523 1241 2600 θυμῷ

187 2621 326 2684 Τιλλύου
350 2621 444 2697 μένος
468 2619 520 2696 ἠύ·
544 2616 681 2682 πάταςςε
705 2619 740 2682 δέ
765 2618 796 2682 οἱ
818 2618 917 2697 φίλον
939 2620 1026 2699 ἦτορ.

189 2725 343 2806 Ὀχθήςας
368 2724 396 2789 δ’
421 2724 482 2803 ἄρα
506 2722 574 2788 εἷπε
600 2725 681 2802 πρὸς
705 2725 744 2788 ὃν
768 2727 971 2805 μεγαλήτορα
995 2728 1113 2805 θυμόν·

235 2940 276 3005 Ὤ
300 2962 352 3019 μοι
376 2940 441 3015 ἐγὼ
464 2939 493 3001 τί
517 2938 622 3013 πάθω;
647 2939 716 3001 ἐπεὶ
741 2937 824 3002 ὅςτις
848 2938 928 3018 ἀνὴρ
951 2945 1128 3019 πυκιμήδης

188 3050 293 3124 Μήπω
317 3049 472 3127 ταρβήςας
496 3048 515 3124 ἢ
539 3044 706 3129 ἀποίχεται
729 3048 748 3124 ἤ
773 3045 801 3108 κ’
823 3045 954 3124 ἀλέηται

186 3154 332 3231 Ὑςμίνης
356 3159 522 3231 κρατερῆς·
546 3149 617 3215 ἀλλ’
640 3152 800 3230 ἐμμενέως
822 3154 962 3216 ίςταςθαι

192 3261 256 3337 Χρὴ
281 3258 353 3336 μάλ’
376 3257 577 3338 ἀριςτεύοντ’,
599 3257 649 3337 ἤτ’
672 3258 777 3338 ἔβλητ’
799 3258 848 3339 ἤτ’
871 3258 959 3339 ἔβαλ’
982 3260 1093 3326 ἄλλον.

233 3473 339 3536 Ταῦτα
363 3473 421 3549 μέν
445 3471 474 3534 οἱ
498 3473 672 3549 φρονέοντι
697 3472 791 3551 φίλος
815 3475 979 3537 διελέξατο
1004 3475 1114 3552 θυμός·

188 3578 301 3642 Ἔνθεν
324 3577 352 3641 δ’
376 3580 493 3660 ἠνορέη
518 3578 647 3641 πίςυνος
671 3580 720 3642 καὶ
744 3581 802 3662 ῇφι
827 3581 943 3661 βίηφιν,

187 3686 266 3749 (τὰς
289 3686 325 3748 ἐν
348 3687 447 3767 μέςςῳ
472 3684 567 3748 άϋςεν
591 3683 668 3750 ἄναξ
692 3688 772 3763 μέγα
795 3706 830 3749 τε
855 3687 962 3751 δεινόν
985 3708 1029 3766 τε,

187 3792 401 3868 Αύςτριακοῖςι
425 3794 459 3855 δὲ
484 3795 558 3855 πάςι
583 3793 663 3869 μέγα
686 3796 795 3857 ςθένος
820 3791 930 3872 ἔμβαλ’
953 3793 1074 3882 ἑκάςτιμΙ

189 3899 303 3979 Καρδίῃ
328 3898 487 3976 ἄλληκτον
510 3899 692 3977 πολεμίζειν
716 3901 772 3977 ἠδὲ
797 3900 956 3978 μάχεςθαι.

186 4006 251 4068 Τού
276 4004 304 4066 δ’
327 4005 521 4082 ὀτρύνοντος
545 4009 681 4084 πρυλέες
704 4029 738 4071 τε
764 4009 814 4070 καί
838 4007 935 4072 ὠκέες
959 4008 1068 4072 ἱππεῖς

187 4109 234 4175 Ἐς
258 4113 359 4175 πέδον
383 4113 546 4191 ἐρρώοντο
571 4116 820 4191 φιλοπτολέμων
844 4118 1008 4191 μεμαῶτες

185 4216 275 4295 Ἀορι
299 4221 465 4300 λευγαλέῳ
489 4221 620 4295 δολιχὰς
640 4220 749 4282 έλάςαι
773 4220 878 4296 ςτίχας
903 4220 1045 4298 ἀνδρῶν·

185 4322 269 4388 Ἀλλ’
292 4324 351 4401 οὐχ
375 4326 431 4402 ἥδε
456 4330 520 4407 θεῷ
544 4326 688 4409 ύψιζύγῳ
712 4329 831 4404 ἥνδανε
857 4330 964 4406 βουλή.

185 4431 372 4509 (ευομένων
396 4430 424 4493 δ’
446 4432 556 4497 ἵππων
580 4436 743 4512 πολυηχὴς
767 4434 871 4512 ὤρορε
896 4439 1028 4515 δούπος,
