2886 5032
129 290 210 373 ,678
524 300 759 348 nsvnrnrscnu
782 299 911 348 arnan.

145 450 181 512 in
203 448 255 511 his
279 446 400 511 nostris
425 444 692 509 universitatibus
716 444 981 529 coniungantur?
1016 445 1128 530 Itaque
1148 445 1252 509 breviter

148 592 190 601 -
210 554 277 618 scio
298 552 384 616 enim
404 557 440 616 ut
459 552 598 616 maxime
618 551 731 616 breves
751 550 832 634 sint,
850 551 897 615 ita
915 550 1059 617 maxime
1080 552 1138 621 bas
1159 549 1254 636 probari

88 740 93 750 ,
148 660 312 726 orationes
331 695 374 707 -
395 658 535 722 breviter
552 658 654 742 igitur
673 656 875 742 significabo,
893 681 960 742 qua
978 657 1060 723 mihi
1079 660 1130 735 via
1147 658 1225 723 simul
1237 662 1257 720 et

148 765 354 832 incommoda
374 765 483 830 omnia
501 763 659 828 removeri
685 769 718 828 et
737 764 848 828 omnia
870 766 979 848 parari
1001 764 1167 831 commoda
1186 762 1258 829 eonci-

149 875 285 957 liarique
304 872 489 937 felicissime
507 871 686 937 videantur.
719 870 895 936 Tollendae
911 876 988 937 sunt
1009 877 1124 938 nostra
1145 872 1260 956 opinione

150 980 332 1045 academiae
357 1000 504 1043 seorsum
527 978 725 1043 constitutae
749 983 782 1043 et
802 979 837 1042 in
857 978 1087 1044 universitates
1105 978 1261 1044 transferes

150 1087 219 1171 dac,
244 1090 276 1149 et
301 1085 348 1149 ita
368 1085 499 1169 quidem
517 1083 770 1168 transferendae,
793 1089 830 1149 nt
849 1088 883 1148 et
901 1085 1051 1170 singulae
1069 1086 1261 1151 universitate

150 1216 225 1259 suas
240 1193 383 1256 habeant
397 1191 551 1274 speciales
568 1191 749 1256 academias
764 1196 797 1256 et
811 1190 874 1257 hae
884 1192 1022 1258 tetidem
1037 1198 1146 1278 partes
1156 1192 1263 1258 efficiant

154 1300 249 1364 unius
278 1297 440 1383 generalis
471 1297 670 1382 academiae,
701 1299 735 1362 in
758 1320 855 1382 quam
878 1302 1050 1383 tamquam
1073 1300 1264 1365 incommune

152 1428 269 1489 corpus
308 1404 470 1487 quoddam
509 1404 655 1489 singulae
694 1403 885 1470 coalescant.
941 1401 1153 1489 Coeptandoe
1186 1410 1264 1470 subn

152 1513 268 1576 harum
299 1511 403 1575 socios
434 1509 674 1575 academiarum
703 1532 741 1575 ex
766 1511 807 1574 iis
830 1510 1040 1595 potissimum
1063 1513 1266 1596 professoribus

153 1641 337 1701 censemus,
365 1617 420 1700 qui
444 1620 619 1701 postquam
642 1639 700 1700 per
724 1622 775 1682 sat
798 1617 920 1682 multos
944 1639 1049 1683 annos
1072 1620 1106 1684 in
1130 1617 1266 1685 erudienda

155 1724 419 1807 instituendoque
442 1724 609 1789 iuventute
632 1724 733 1789 vitam
758 1724 905 1809 viresque
929 1731 1207 1810 consumpserunt,
1224 1725 1266 1788 ian

155 1831 239 1897 nihil
264 1831 388 1895 valdius
414 1834 578 1916 exoptent,
603 1853 701 1915 quarn
724 1831 818 1895 utin
841 1831 963 1896 litteris
982 1832 1045 1897 toti
1065 1831 1209 1898 habitent
1223 1851 1265 1895 ees

155 1961 216 2023 que
245 1937 375 2022 scriptis
403 1937 606 2001 illustrantes
636 1937 752 2003 maiori
780 1938 815 2002 in
841 1941 1009 2022 posterum
1039 1939 1136 2004 saluti
1164 1939 1220 2003 siut
1237 1932 1266 1999 ni

157 2045 320 2130 publicae,
352 2067 450 2128 qnam
483 2044 619 2109 docendi
652 2066 751 2128 opera
781 2044 892 2110 eodem
926 2068 990 2130 quo
1023 2047 1161 2112 antehac
1188 2045 1265 2109 labore

156 2153 291 2238 parique
322 2152 440 2215 virium
470 2150 651 2216 intentione
681 2151 878 2217 continuata.
923 2151 993 2217 Nec
1023 2154 1110 2218 enim
1138 2151 1265 2234 voluptate

158 2259 293 2326 docendi
317 2257 464 2321 exclusos
489 2257 649 2341 volumus,
673 2257 729 2322 sed
752 2259 944 2323 necessitate
967 2259 1126 2327 liberatos
1149 2257 1265 2325 eiusdem·

158 2389 219 2453 que
243 2365 406 2430 libertatis
425 2364 583 2429 felicitate
603 2364 727 2449 beatos,
749 2388 813 2449 qua
831 2365 929 2431 hodie
947 2366 1184 2433 academiarum
1200 2360 1266 2430 sociis

159 2475 253 2539 licet
275 2475 309 2536 in
333 2493 371 2537 eo
396 2491 526 2555 genere,
549 2472 634 2555 quod
657 2472 804 2556 placet:
829 2495 967 2557 quorum
990 2496 1059 2539 non
1077 2496 1193 2559 paucos
1211 2469 1267 2536 vide

159 2603 230 2645 mus
255 2576 279 2643 e'
295 2601 354 2643 sua
376 2599 536 2662 quemque
559 2578 733 2662 disciplina
754 2582 897 2663 tantum,
920 2587 1078 2665 quantum
1101 2577 1267 2647 commodum

160 2691 219 2770 est,
244 2687 403 2751 arbitratu
427 2707 485 2749 suo
506 2685 663 2749 delectum
684 2686 824 2768 publicis
843 2686 1094 2752 universitatum
1114 2686 1220 2753 scholis
1234 2680 1267 2746 ob

160 2794 344 2859 laetationis
369 2814 484 2855 caussa
508 2790 611 2855 doctis
635 2791 897 2856 adulescentibus
921 2792 1130 2877 explicantes.
1166 2795 1210 2858 lta
1227 2790 1267 2864 fiet

160 2907 195 2966 ut
228 2905 260 2965 ct
291 2920 483 2963 aerumnoso
514 2898 619 2963 labori
650 2903 817 2983 tamquam
848 2900 992 2964 debitum
1022 2903 1197 2985 praemium
1221 2911 1267 2960 eud

159 3008 373 3072 honorificum
397 3009 466 3068 tum
490 3005 690 3069 fructuosum
715 3006 817 3070 otium
838 3007 1040 3091 concedatur,
1065 3013 1099 3072 et
1121 3011 1154 3072 in
1176 3008 1268 3071 flaues-

160 3115 299 3179 ccntium
330 3112 563 3195 magistrorum
592 3111 697 3175 locum
723 3113 993 3177 efflorescentium
1018 3114 1188 3180 doctorum
1207 3111 1269 3192 vigor

160 3221 313 3286 contiuuo
338 3217 449 3281 ordine
469 3218 573 3281 suffici
592 3219 706 3301 possit,
729 3239 850 3302 magno
869 3221 1122 3286 universitatum
1142 3236 1270 3286 senescen-

161 3328 242 3391 tium
267 3324 445 3405 eommodo,
470 3347 536 3388 non
559 3324 660 3388 nimio
684 3325 887 3390 incommodo
907 3327 1034 3411 aerarii,
1055 3329 1209 3412 siquidem
1224 3340 1271 3388 cun

160 3436 231 3517 ipso
257 3432 493 3497 academiarum
518 3431 669 3495 instituto
689 3431 862 3496 earundem
881 3433 1004 3496 reditus
1023 3435 1058 3497 in
1079 3435 1272 3500 universitates
1306 3426 1308 3435 '

161 3541 405 3604 distribuuntur.
453 3537 557 3601 Simul
586 3538 714 3602 dolendi
743 3561 857 3603 caussa
881 3541 1038 3626 cessabit,
1067 3548 1118 3608 tot
1141 3539 1272 3627 praeclari

162 3646 295 3728 ingenia
324 3651 356 3708 et
384 3645 423 3708 ad
453 3645 555 3709 bonas
585 3648 670 3708 artes
701 3646 893 3710 excolendas
922 3650 1000 3712 nata
1028 3671 1048 3711 a
1071 3650 1172 3713 nobili
1195 3641 1274 3712 aab·

162 3752 300 3815 mierum
333 3751 495 3815 industria
526 3752 710 3816 necessario
745 3754 873 3817 exclusa
901 3775 984 3818 esse:
1023 3756 1214 3838 quibuscum
1236 3745 1275 3815 etsi

162 3880 246 3921 nunc
275 3858 407 3921 honoris
436 3858 550 3922 titulos
579 3863 729 3944 possunt,
762 3882 829 3923 non
858 3866 996 3942 possunt
1019 3863 1199 3927 studiorum
1220 3876 1276 3924 eom·

163 3963 317 4028 mercium
342 3963 592 4047 societatemque
616 3967 764 4030 laborum
790 3967 1035 4051 communicare,
1058 3969 1141 4053 ipsis
1164 3970 1278 4034 locorum

162 4070 342 4134 intervallis
366 4069 616 4154 refragantibus.
657 4071 750 4137 Vnde
776 4094 976 4157 consequens
1000 4079 1052 4139 est
1074 4079 1113 4140 nt
1136 4097 1240 4160 reapse
1257 4089 1281 4132 ei

162 4178 202 4240 iis
227 4199 310 4240 nunc
336 4176 517 4240 academiae
537 4184 745 4244 concrescant
764 4181 919 4247 litteratis
938 4181 1137 4266 hominibus,
1161 4185 1284 4268 quicar

163 4286 267 4368 magis
292 4285 324 4348 in
350 4306 445 4348 unam
471 4286 582 4349 urbem
607 4287 735 4351 conflati
760 4310 858 4372 quam
877 4288 1015 4353 consilio
1035 4292 1204 4355 convocati
1223 4306 1288 4353 eon·

165 4392 271 4455 munis
295 4389 451 4456 domicilii
475 4393 718 4476 opportunitate
742 4396 885 4459 utuntur.
920 4394 1009 4470 Quae
1034 4396 1132 4461 urbes
1157 4419 1218 4483 quo
1239 4415 1291 4458 am·
