2836 5034
152 297 218 361 370
438 310 700 362 unonncounns
723 311 771 359 nn
795 307 1011 359 naricamvs

75 482 153 524 cm
242 454 403 540 Videtque
426 453 496 540 ipse
519 456 560 521 ad
584 454 809 540 paupertdtem
831 453 1034 538 protractum
1056 450 1123 515 esse
1142 471 1178 534 se,

152 598 261 683 ecquis
285 598 448 663 tutabitur
470 599 505 663 in
527 602 622 664 tanta
644 596 829 693 corrigendi
851 594 1025 680 evidentia,
1048 595 1186 679 quantam
1199 592 1250 656 ln*

151 771 236 826 Aliud
255 772 414 843 exemplum
437 773 523 843 idque
546 790 603 830 non
628 773 782 844 patientius
800 771 917 828 relictae
934 770 1131 842 potiusquam
1148 784 1255 839 perperam

152 859 249 915 illatae
268 861 453 930 correptionis
472 862 501 917 in
519 865 645 919 extrema
663 879 766 919 scaena
784 861 817 930 11,
838 867 852 915 1
872 862 978 916 exstat:

260 968 314 1022 Sed
332 984 415 1024 nemo
433 969 527 1024 ducit:
545 971 653 1038 sreetra
671 969 723 1025 has
742 971 855 1041 egomet
871 969 982 1024 mecum
999 967 1123 1023 rationes
1140 966 1209 1036 puio:

71 1141 74 1147 ,
151 1074 200 1129 ubi
225 1092 282 1130 non
304 1075 389 1131 modo
414 1075 519 1145 optime
537 1074 687 1131 Bembinus
714 1076 802 1133 codex
818 1076 928 1144 sreeetru
945 1077 1046 1146 egomt
1063 1075 1165 1129 asemas
1179 1073 1220 1127 tce
1231 1088 1259 1126 re

152 1165 238 1218 tiones
252 1167 336 1232 pato,
363 1162 413 1217 sed
431 1164 606 1219 Basilicanus
630 1181 741 1235 quoqne
760 1165 805 1233 (de
829 1180 884 1233 quo
902 1166 980 1219 tacet
997 1164 1133 1231 Faernus)
1159 1160 1211 1216 sine
1230 1176 1259 1214 ne·

151 1251 262 1321 glectae
280 1250 429 1321 positionis
448 1251 518 1307 vitio
537 1255 584 1323 e'po
602 1270 704 1309 mecum
721 1255 771 1308 tris
789 1254 911 1308 rationes
928 1253 1037 1322 deputo.
1065 1248 1180 1306 Omnino
1197 1252 1261 1304 autes

151 1338 199 1394 vix
221 1339 310 1394 ullam
333 1357 463 1396 scaenam
487 1357 548 1397 esse
571 1342 730 1398 fabularum
749 1343 982 1398 Terentianamm
1004 1343 1090 1411 puto,
1117 1337 1146 1395 in
1163 1356 1214 1409 qm
1227 1326 1284 1393 ω’

151 1426 259 1496 aliquid
278 1429 421 1485 turbatum
440 1431 478 1485 sit
495 1431 617 1502 gravius,
635 1431 749 1488 criticae
769 1431 838 1487 artis
851 1429 1022 1486 medicinam
1035 1430 1124 1485 etiam
1136 1431 1199 1500 post
1209 1428 1264 1483 Bere

151 1515 190 1570 lei
213 1534 293 1572 curas
316 1521 490 1590 exspectans.
527 1520 613 1575 Velut
635 1520 665 1575 in
688 1521 786 1576 eodem
809 1519 949 1591 principio
971 1519 1122 1590 Adelphon
1145 1519 1186 1588 (ut
1205 1517 1227 1572 iu
1243 1531 1264 1571 ee

151 1622 225 1660 nunc
244 1605 404 1680 subsistam)
423 1608 658 1679 quemadmodum
677 1611 698 1678 Ι,
719 1616 733 1664 1
753 1628 779 1666 v.
799 1616 842 1667 80.
861 1616 894 1664 31
914 1609 972 1664 iam
991 1607 1061 1664 olim
1080 1607 1121 1662 sic
1140 1606 1244 1663 restitui:

312 1714 387 1770 Nam
405 1719 454 1785 qul
472 1715 586 1772 mentiri
603 1718 653 1771 ant
671 1716 770 1772 fellere
790 1716 909 1771 insuerit
925 1715 1047 1785 patrem,

312 1803 462 1861 Fraudere
480 1807 560 1860 tanto
578 1804 670 1876 magis
689 1804 806 1860 audebit
823 1806 934 1860 ceteros

152 1909 210 1976 (vel
237 1909 370 1980 Decipere
397 1914 499 1968 tanto.
520 1956 526 1968 .
547 1957 553 1969 ,
573 1913 608 1982 .)=
637 1911 680 1967 ita
705 1927 742 1967 ne
768 1911 821 1967 illa
847 1909 960 1979 quidem
989 1924 1051 1965 esse
1078 1927 1150 1967 sana
1175 1906 1265 1966 mucre

152 2016 178 2052 γ’
200 2005 230 2052 11
247 2016 321 2068 ΒΨ
791 2088 827 2128 ne
845 2075 895 2127 aut
911 2070 961 2126 ille
980 2069 1080 2127 dleerit

312 2162 370 2218 Aut
387 2163 497 2233 uspiam
517 2164 658 2232 ceciderit,
677 2166 728 2220 aut
745 2161 931 2234 praefregerit

312 2251 435 2320 Aliquid.
454 2254 519 2321 nah,
539 2269 743 2323 quemquamne
761 2251 904 2325 heminam
923 2249 953 2306 in
966 2251 1062 2306 animo
1076 2250 1224 2316 instituere,

312 2340 429 2409 Parere,
448 2342 523 2410 quod
541 2341 580 2395 sit
597 2341 689 2397 cerins
706 2357 792 2409 qnam
810 2340 871 2411 ipse
890 2341 934 2396 est
951 2339 1013 2395 sibi

153 2445 206 2513 Qui
224 2462 319 2502 versus
338 2448 408 2515 quot
425 2448 592 2517 quantisque
610 2447 795 2504 incommodis
809 2447 947 2518 laborent,
964 2448 1083 2518 longum
1097 2449 1143 2502 est
1155 2448 1210 2501 tam

151 2537 182 2590 in
199 2539 360 2591 trmscursu
379 2537 433 2591 hac
452 2538 634 2593 annotatione
653 2538 795 2608 persequi:
814 2536 961 2608 intelleges
976 2538 1081 2605 autem,
1096 2536 1147 2591 ubi
1159 2536 1207 2591 hos

152 2625 296 2694 paraveris
313 2627 410 2682 nostra
427 2628 622 2684 emendatione
641 2630 674 2682 nt
691 2627 834 2699 potuimus
852 2627 881 2681 in
900 2627 1042 2698 integrum
1060 2627 1216 2682 restitutos:

312 2735 369 2789 Ant
388 2734 522 2790 ceciderit
539 2735 637 2804 aliqua
655 2736 739 2803 etque
759 2734 868 2803 aliquid
886 2734 1081 2806 praefregerit.

311 2821 383 2889 Vah,
403 2825 608 2894 quemquamne
627 2823 769 2879 hominem
787 2824 816 2879 in
834 2823 957 2879 animum
975 2823 1126 2879 instituere
1146 2826 1193 2878 adt
1209 2817 1248 2876 su

311 2912 414 2967 Parere
433 2931 453 2968 e.
473 2931 497 2983 q.
516 2931 537 2969 s.

152 3016 268 3072 Nullum
292 3019 366 3073 enim
391 3021 565 3089 frequentius
589 3021 618 3074 in
638 3020 770 3076 Terentio
795 3022 969 3091 corruptelae
992 3039 1095 3092 genus,
1122 3037 1204 3090 quam
1218 3006 1267 3086 qui

152 3123 186 3161 ex
204 3107 460 3178 interpretamwtis
482 3110 618 3166 nascitur:
647 3110 799 3180 ascriptum
819 3113 863 3165 est
879 3113 974 3166 autem
992 3112 1103 3180 uspiam
1122 3110 1159 3165 ab
1177 3124 1218 3175 ee,
1236 3096 1270 3171 tf

151 3197 247 3266 paullo
270 3200 335 3252 ante
359 3201 396 3266 (v.
416 3203 442 3268 3)
469 3216 488 3252 a
509 3202 595 3269 poeta
617 3200 741 3269 positum
764 3202 873 3268 uspiam
896 3201 1077 3256 meminisset
1116 3200 1187 3255 Eum
1200 3195 1269 3263 aa&

151 3286 243 3354 ipsum
269 3286 362 3341 locum
388 3288 474 3342 simili
499 3288 717 3358 interpolatione
743 3289 887 3345 foedatum
911 3305 986 3359 esse,
1015 3305 1072 3357 qua
1100 3287 1171 3343 alibi
1194 3274 1268 3352 aad

151 3392 246 3430 versus
269 3395 325 3433 non
347 3378 431 3447 pauci
453 3377 567 3432 conficti
590 3381 667 3449 sunt,
690 3378 774 3434 facile
793 3378 885 3449 specie
904 3378 1049 3446 fallentes,
1074 3378 1125 3433 sed
1143 3370 1266 3432 unuin

151 3464 229 3534 digni
248 3467 393 3538 Terentio,
416 3486 505 3538 nuper
524 3468 638 3522 demum
656 3469 753 3524 monui
771 3469 862 3524 Musei
880 3467 977 3539 philol.
997 3467 1087 3522 nostri
1105 3469 1125 3521 t
1143 3466 1180 3521 Vl
1197 3485 1219 3536 p.
1234 3462 1267 3515 le

152 3555 195 3622 [=
211 3556 311 3625 Opusc.
331 3557 399 3626 phil.
419 3558 458 3611 III
477 3577 503 3628 p.
521 3559 594 3629 79η,
613 3557 662 3612 ubi
680 3557 818 3613 eiusmodi
837 3558 966 3626 exempla
984 3556 1123 3626 quaedam
1144 3548 1270 3626 compca&

151 3642 244 3698 hebes.
281 3643 341 3700 Nec
359 3646 430 3700 illud
450 3646 666 3716 concedendum,
685 3650 760 3702 recte
780 3664 809 3701 se
828 3647 932 3702 habere
950 3645 1003 3699 Ad.
1022 3646 1044 3713 Ι,
1064 3652 1090 3714 2,
1109 3650 1126 3699 2
1143 3663 1195 3714 sq:

311 3750 361 3807 ΜΙ.
381 3752 453 3817 Quid
473 3753 561 3808 tristis
580 3761 628 3809 es?
665 3753 723 3807 DE.
743 3756 826 3824 roges
844 3770 898 3822 me,
918 3752 967 3808 ubi
985 3752 1068 3807 nobis
1088 3752 1234 3808 Aeschinus
1281 3816 1284 3825 Ι

312 3840 379 3907 siet,
399 3841 467 3910 quid
486 3843 574 3897 tristis
594 3845 647 3914 ego
667 3842 738 3898 sim?
774 3842 826 3899 ΜΙ.
845 3842 929 3898 dixin*
950 3845 1005 3898 heo
1022 3843 1102 3898 fore?

151 3945 199 3998 nbi
217 3945 246 3999 in
264 3947 436 4017 expedienda
454 3950 503 4003 sebi
521 3950 660 4018 particula
677 3949 845 4020 interpretes
863 3950 969 4005 frustra
987 3966 1016 4004 se
1034 3951 1185 4005 temerant
1214 3946 1267 4012 ΟΝ

151 4035 175 4088 si
193 4038 300 4104 posset,
320 4036 394 4105 quod
412 4038 572 4105 voluerunt,
591 4039 760 4110 significare:
785 4058 847 4095 cam
864 4040 944 4094 nobie
961 4041 999 4094 eit
1017 4040 1184 4106 Aeschines,
1200 4041 1271 4091 unu

151 4124 205 4178 hoc
222 4123 314 4192 ipsum
332 4126 393 4179 tam
411 4125 575 4196 languidum
594 4130 669 4184 foret
685 4132 718 4184 ut
735 4129 806 4184 nihil
824 4147 917 4199 supra
953 4129 1085 4201 Repone:

575 4238 658 4305 roges
677 4245 740 4291 me?
759 4236 808 4291 ubi
826 4237 906 4292 nobis
927 4237 1114 4293 aeschinum?

310 4323 377 4376 ecies
395 4324 465 4389 irim,
484 4324 551 4392 quid
570 4325 659 4380 tristis
678 4328 731 4395 ego
751 4327 822 4380 sim?

150 4429 222 4483 Nam
237 4430 265 4483 in
277 4430 407 4486 Terentio
423 4432 535 4500 quidem
554 4435 611 4486 tam
631 4435 730 4502 aperta
748 4432 876 4502 plurimis
894 4433 965 4489 locis
980 4436 1034 4503 est,
1053 4449 1136 4503 quam
1150 4419 1260 4486 meloto
