2836 5034
220 113 283 178 333
507 129 768 179 eaoraoouaxs
792 130 839 177 na
863 126 1075 178 aavromnvs

220 275 373 360 quiddam
397 280 513 360 exstet,
537 276 633 361 quale
656 276 801 341 futurum
820 276 864 342 sit
882 275 973 340 velut
994 272 1203 353 satelliam,
1220 296 1238 340 a
1253 280 1323 359 aa,

218 383 351 448 3333333
375 382 516 466 3333ιιιιι,
537 384 700 448 salaritiam
722 384 847 448 animae
868 387 906 446 ιι3
928 381 974 445 313
996 378 1125 445 animm
1146 379 1264 463 plenum
1279 402 1324 447 non

220 490 370 575 salinum,
393 490 448 555 sed
469 491 601 557 omnino
621 491 836 574 vasculum,
859 511 932 555 aum
951 487 1029 552 salis
1048 486 1248 571 potissimum
1261 490 1327 554 notio

220 596 261 660 ad
286 597 428 662 sentent'
419 619 468 661 rae
492 597 557 662 vim
582 599 715 662 minime
738 599 929 683 requiratur.
939 594 1040 684 *-—)
1073 593 1187 662 Simile
1206 592 1330 679 estquod

222 703 339 767 3512
363 726 400 767 ex
425 703 635 769 Ambrosiani
659 704 806 790 vestigiis
831 703 951 769 conieci
975 725 1034 825 pro
1058 703 1179 767 33333νὶ33
1199 700 1331 766 3113333-

222 832 295 874 men
324 810 455 894 aliquod
486 810 553 875 sive
583 811 618 876 in
650 811 750 876 veteri
780 811 895 895 lingua
925 810 993 876 aive
1023 833 1059 876 ιιι
1093 810 1179 875 vitae
1200 830 1256 873 usn
1271 829 1332 873 can

224 917 313 981 muni
337 917 515 1000 exstitisse,
540 917 626 1002 quod
650 940 669 982 a
692 936 737 983 ro
761 918 801 982 lit
787 919 881 983 tteris
903 916 1075 1002 inciperet:
1109 916 1203 1002 quale
1225 912 1333 999 exempli

222 1044 336 1087 caussa
364 1024 521 1107 proposui
554 1024 816 1104 toleratriccm‚
849 1024 980 1089 mallem
1008 1022 1148 1107 exempli
1175 1022 1333 1088 auctoritate

222 1130 309 1213 posit
310 1153 373 1194 um.
378 1129 483 1215 **)-
502 1127 764 1214 Singularium
738 1153 805 1196 srve
819 1130 1097 1197 vocabulorum
1069 1152 1140 1195 srva
1159 1126 1334 1215 significatio

116 1265 206 1304 cxxx
221 1236 398 1300 numidam
413 1237 445 1301 A
460 1235 560 1300 ctiam
575 1237 653 1301 alibi
667 1259 733 1302 non
748 1238 823 1302 3333
813 1261 841 1303 rs
856 1239 960 1323 magis
974 1259 1071 1322 quam
1086 1237 1257 1323 ambiguus
1268 1234 1334 1301 ula

223 1345 285 1426 333,
314 1344 401 1407 33133
388 1348 457 1409 33
481 1344 547 1408 333
575 1343 729 1408 exhibens
758 1348 794 1409 ut
822 1344 949 1409 videtur
971 1344 1276 1428 praemandatum
1296 1360 1335 1425 pn

215 1393 439 1532 palliatam,
459 1456 492 1516 33
508 1472 566 1536 pro
583 1453 765 1550 numularios
787 1474 816 1516 3.
835 1453 900 1517 844
918 1468 1036 1516 nant·
1050 1468 1187 1529 nomas,
1209 1472 1270 1535 quo
1284 1440 1343 1535 quil

222 1556 340 1621 faciam
354 1558 471 1642 nescio,
486 1560 550 1623 nisi
542 1546 653 1644 'quod
667 1581 732 1624 non
749 1559 858 1624 deberi
870 1559 987 1624 aelami
1003 1558 1112 1645 lapsui
1129 1556 1289 1643 intellego.
1291 1552 1418 1648 “⁸1

222 1662 389 1728 Mirumt
356 1667 389 1727 33
390 1665 454 1729 iam
470 1688 500 1729 v.
496 1666 575 1729 643
589 1684 762 1731 mannua.
765 1684 787 1729 a
803 1664 847 1747 [h.
854 1688 879 1729 e.
890 1668 1111 1751 susannam]
1126 1688 1186 1751 pro
1200 1686 1266 1729 a

226 1768 404 1835 —Versut
391 1776 500 1836 tamen
521 1770 658 1858 6443
623 1778 803 1837 urtursum
825 1773 865 1837 33
885 1772 997 1857 paullo
1026 1772 1169 1838 certiora
1191 1694 1348 1837 transeam

223 1876 307 1940 haud
328 1878 394 1942 scio
415 1901 456 1942 an
475 1901 534 1962 pro
553 1879 710 1957 aindas,
701 1902 734 1943 111
753 1900 816 1963 quo
838 1877 1028 1964 corrigendo
1048 1877 1156 1944 critici
1176 1881 1333 1962 satagam
1344 1659 1418 1996 1

224 1984 375 2048 lutobor
402 2007 467 2049 uon
496 1985 563 2050 sine
587 1985 820 2068 probabilitate
845 1984 1043 2069 scripserim,
1066 2006 1268 2070 quamquam
1288 1984 1352 2049 li

223 2112 332 2154 rarum
356 2091 567 2156 similitudine
590 2114 656 2157 non
679 2115 817 2157 summa:
841 2113 922 2176 quae
941 2113 1002 2156 vox
1021 2090 1250 2177 impedimenti
1268 2088 1338 2155 noti
1382 1991 1418 2178 1

223 2218 296 2261 ιι3ιιι
321 2198 419 2262 etiam
443 2198 562 2263 Persae
577 2196 619 2281 ΙΙ,
635 2198 664 2281 2,
680 2199 720 2262 21
746 2197 858 2264 habet:
881 2198 1163 2263 commorandumst
1184 2196 1328 2279 opud

223 2301 384 2387 obicem.†)
430 2302 517 2368 Nam
542 2304 701 2370 vindicem
724 2303 853 2388 quidem
876 2325 942 2369 non
964 2325 1061 2387 posse
1085 2302 1154 2369 irllo
1178 2308 1278 2388 pacto
1306 2331 1358 2357 >u-

313 2551 339 2619 *l
359 2552 412 2621 [llx
432 2552 605 2607 Addandis
624 2572 648 2622 p,
670 2565 811 2606 cccxxiv:
832 2552 871 2620 ‘p.
891 2564 989 2604 nxxrx
1007 2548 1111 2621 expetii
1131 2550 1278 2621 quadriryl
1314 2578 1329 2592 ιι
1363 2571 1364 2574 ’

224 2638 332 2694 vasculi
359 2659 461 2696 nomen
489 2641 617 2710 aliquod,
645 2629 720 2709 quod
743 2640 818 2694 Trin.
838 2660 863 2696 v.
884 2646 936 2694 492
964 2640 1035 2695 duce
1060 2638 1368 2697 Ambrosianum

224 2729 252 2782 in
287 2733 431 2800 suspectae
463 2733 585 2785 satillum
617 2730 724 2785 formae
758 2731 852 2785 locum
879 2731 1100 2786 substitueretur.
1148 2730 1221 2784 Tale
1255 2730 1308 2785 etsi
1330 2740 1371 2783 Ι

223 2836 296 2872 nuuc
315 2818 428 2886 quidem
448 2818 550 2888 inveni,
570 2825 663 2874 tamen
682 2820 705 2873 si
724 2820 796 2874 forte
816 2820 843 2873 in
863 2820 1010 2889 trisyllaba
1028 2819 1119 2873 torma
1137 2816 1359 2889 acquiescente!

225 2906 262 2959 sit
281 2906 489 2975 quadrisyllabo
509 2910 616 2962 cainani
635 2909 765 2978 genetivo
785 2909 893 2973 iuncta,
916 2911 1029 2977 praesto
1049 2908 1133 2963 sitin
1154 2908 1282 2964 Labbaei
1300 2906 1361 2979 pler·

224 2994 304 3048 seriis
323 3014 350 3064 p.
362 3002 413 3049 323
429 2996 470 3050 ed.
487 2996 572 3050 hond.
590 3002 754 3052 annotatum
774 2999 945 3052 «citellum
963 2999 1089 3065 κάδιον»,
1107 3013 1158 3067 pro
1178 3016 1237 3066 quo
1255 3015 1271 3052 c
1290 2995 1363 3067 scrip·

223 3084 330 3138 toribus
350 3087 439 3140 sitella
457 3088 567 3141 tantum
589 3089 617 3140 et
643 3088 729 3141 situla
757 3087 858 3140 formas
886 3087 1032 3142 novimus)
1072 3087 1206 3141 Ceterum
1235 3088 1310 3156 quod

225 3173 415 3229 Hildebrando
434 3176 607 3245 exspectavit
625 3176 807 3241 Ritschelius‚
832 3176 951 3231 Gustavi
969 3175 1073 3231 Loewii
1092 3175 1193 3245 copiae
1213 3176 1365 3247 suppetiu-

223 3270 288 3316 runt
306 3264 431 3318 batillum
450 3266 577 3332 (arrianas)
596 3265 730 3318 eruentis:
750 3264 784 3318 ci.
805 3264 906 3334 Opuea.
926 3264 995 3333 phil.
1014 3264 1053 3317 ΙΙΙ
1072 3282 1099 3333 p.
1120 3271 1173 3319 '193
1184 3268 1241 3337 sq]

296 3351 337 3418 **)
358 3354 393 3422 [l
414 3370 479 3407 vero
500 3371 529 3407 se
548 3354 691 3408 aberrasse
711 3355 764 3409 hoc
784 3352 846 3408 loco
866 3357 965 3423 postea
983 3352 1069 3407 sensit
1089 3353 1266 3410 ltitschelius
1286 3356 1363 3411 aava·

225 3457 279 3494 cera
297 3440 477 3511 relinquens]

278 3529 335 3597 m)
357 3531 595 3599 [varrcvsroaras
617 3533 671 3596 33,
691 3530 726 3584 cf.
747 3530 848 3598 Opusc.
867 3528 935 3598 phil.
955 3530 980 3583 ll
999 3547 1025 3599 p.
1045 3530 1118 3600 433]

315 3620 345 3685 3)
374 3621 426 3689 [Ex
455 3620 632 3674 Addendis
660 3638 686 3688 p.
706 3633 849 3672 cccxx1v:
877 3619 920 3688 ‘p
940 3632 1024 3672 nxxx
1051 3617 1218 3674 dubitanter
1246 3622 1368 3677 darm

226 3708 415 3775 coniecturae,
444 3726 498 3776 (pua
523 3708 721 3777 inexplicabile
745 3708 835 3761 visum
855 3726 880 3762 v.
901 3714 953 3761 344
971 3708 1076 3761 uirides
1093 3724 1200 3763 nomen
1220 3708 1369 3767 mutaviir

226 3803 256 3849 tu
275 3797 351 3859 adea,
369 3797 438 3850 illud
458 3798 568 3853 obstare
588 3797 670 3851 video
690 3797 765 3864 quod
782 3795 893 3851 Phocea
912 3798 1032 3850 testatur
1050 3814 1077 3865 p.
1099 3802 1183 3852 1709:
1204 3800 1284 3855 33113
1301 3799 1371 3854 abu

226 3887 315 3938 tiuum
340 3890 449 3939 tantum
474 3886 578 3940 habent
601 3886 629 3939 in
653 3885 788 3956 singulari
811 3902 939 3953 nurnero,
968 3887 999 3938 ut
1022 3886 1057 3939 ab
1078 3885 1129 3940 boc
1150 3887 1247 3959 fraqi,
1277 3890 1313 3945 ab
1329 3890 1372 3943 tat

226 3975 312 4031 obice,
340 3976 374 4028 ab
394 3975 444 4028 bac
464 3993 555 4042 prece,
583 3976 617 4029 ab
641 3976 689 4027 boc
713 3976 839 4028 uisam.»
877 3974 958 4040 Quod
982 3975 1165 4044 praeceptum
1186 3978 1243 4032 etsi
1263 3996 1320 4033 non
1337 3978 1374 4031 erl

227 4064 302 4117 omni
325 4080 358 4117 ex
382 4066 461 4133 parte
485 4082 595 4131 verum,
624 4082 685 4117 cunr
710 4063 784 4133 apud
808 4063 899 4132 ipsum
924 4062 1057 4119 Plautum
1082 4064 1170 4119 etiem
1197 4067 1374 4123 accusativus

226 4155 325 4207 obicem
345 4156 443 4218 exstet,
462 4158 558 4207 tamen
576 4155 670 4206 nescio
689 4171 724 4206 au
740 4170 801 4206 earu
816 4152 873 4204 vim
888 4153 992 4207 babeat
1006 4156 1039 4206 ut
1052 4152 1153 4207 saltem
1169 4155 1373 4212 nominativum
1400 4150 1403 4155 ’

226 4242 311 4295 131333
330 4241 495 4295 inusitatum
514 4241 689 4311 persuadeat.
727 4242 830 4295 Contra
855 4242 958 4295 uirides
981 4240 1036 4295 nisi
1056 4240 1129 4297 torte
1148 4243 1179 4297 in
1199 4245 1295 4314 prisca
1312 4246 1372 4301 lati·
