2836 5034
439 370 706 419 nussuirrosrs
731 370 936 419 rusvmnas.
1200 354 1267 419 325

157 536 198 598 pro
217 515 292 579 καῖε
317 513 502 598 irrepsisse,
530 513 604 580 hine
633 520 741 579 autern
771 513 1005 579 consectarium
1028 513 1128 578 fuisse
1150 515 1181 579 si
1202 533 1266 579 nors

157 621 348 704 purticnlsmm
375 620 410 685 in
437 622 502 686 nisi
529 620 821 706 conversionem.⁸)
867 619 929 684 Sed
957 624 1067 685 tamen
1090 619 1186 684 huius
1209 642 1265 704 po·

156 726 281 792 isinum
298 727 434 813 originis
454 749 526 792 curn
542 750 607 792 non
625 728 730 813 possit
747 728 922 793 necessitas
940 727 1138 813 persuaderi,
1160 727 1264 793 tutius

155 833 229 897 nsum
250 838 298 898 est
325 833 378 899 hic
406 856 533 920 quoque
556 834 811 900 vetustissimum
840 839 957 900 testem
986 835 1090 919 sequi:
1118 856 1264 919 prseser-

155 939 269 1006 tincurn
290 939 372 1005 illud
395 941 448 1006 rix
472 964 510 1007 sc
533 934 574 1007 ne
598 943 652 1007 vix
670 942 800 1027 quidem
820 943 1004 1025 concedam,
1027 942 1061 1007 in
1081 941 1264 1028 corrigendi

155 1048 357 1113 nuncetiam
386 1068 492 1131 mcc
519 1049 607 1114 vocis
636 1050 870 1133 correptionem
899 1049 1012 1114 inisse:
1040 1070 1116 1113 nam
1144 1054 1263 1115 metro·

154 1174 202 1219 mm
226 1156 350 1241 quidem
383 1160 598 1222 correctorem
630 1157 721 1221 nulia
753 1156 803 1220 vel
834 1156 867 1221 in
897 1156 1116 1227 Ambrosiana
1146 1156 1197 1221 rel
1229 1156 1262 1220 in

155 1259 274 1328 Priatinis
307 1262 446 1348 vestigia
475 1262 631 1347 produnt,
669 1263 700 1327 id
733 1263 818 1347 quod
850 1263 914 1327 iarn
947 1262 1023 1327 olim
1055 1263 1262 1347 pronuntiavi

157 1362 230 1434 bium.
249 1371 372 1455 antiqu.
395 1369 580 1435 Darmstsd.
600 1392 627 1434 a.
646 1386 933 1437 crnrocccxxxvrr
954 1393 984 1453 p.
1004 1368 1134 1455 inoff)
1170 1367 1260 1434 Oete·
1276 1392 1365 1433 nxvrr

156 1494 200 1539 nn
217 1476 407 1542 diversarum
431 1476 652 1541 recensionum
682 1481 796 1541 tenues
819 1476 976 1561 quasdam
999 1477 1167 1559 tamquam
1191 1474 1263 1541 reli·

154 1580 214 1663 quis
239 1605 302 1648 non
335 1584 456 1649 infitior
486 1583 583 1649 hodie
615 1606 743 1668 quoque
777 1605 959 1668 superesse,
992 1580 1048 1648 sed
1080 1603 1190 1647 earum
1223 1604 1261 1647 ex

152 1686 353 1773 iniquioribus
380 1694 417 1753 ut
443 1695 523 1774 puto
553 1690 690 1754 saeculis
718 1690 979 1775 repetendarum,
1008 1689 1128 1774 partim
1152 1693 1261 1754 autern

151 1810 190 1856 ns
213 1799 320 1880 sponte
352 1801 517 1880 flatuum,
548 1797 669 1880 partim
702 1797 814 1862 critica
845 1818 943 1882 opera
975 1795 1261 1882 grammaticorum

149 1906 309 1979 suumn.
347 1902 489 1980 Quarum
515 1904 781 1989 unamaliquam
805 1924 935 1968 necesse
958 1906 1010 1968 est
1031 1903 1065 1967 in
1088 1902 1261 1988 praecipuo

149 2000 238 2074 honore
263 2032 322 2095 per
349 2011 548 2076 saeculorum
574 2010 741 2076 decursum
765 2010 910 2075 habitam
940 2031 1024 2094 esse,
1052 2010 1118 2075 sive
1146 2031 1219 2075 earn
1242 2032 1263 2075 s

149 2107 248 2183 Vsterio
269 2117 377 2183 Probo
406 2117 473 2182 sive
503 2117 545 2181 ab
574 2117 639 2183 alio
667 2116 860 2202 profectam:
889 2138 965 2182 narn
989 2115 1028 2180 de
1052 2114 1198 2182 Varrone
1220 2140 1261 2181 ne

148 2220 197 2302 quis
212 2224 390 2309 suspicetur
406 2223 486 2289 satis
505 2224 575 2289 cavi
595 2224 760 2310 Perergon
779 2247 809 2309 p.
829 2224 879 2291 80.
900 2224 964 2289 367
985 2228 1018 2287 et
1037 2245 1137 2309 nuper
1155 2222 1261 2290 Musei

147 2322 226 2407 philol.
247 2332 354 2397 nostri
381 2335 403 2395 t.
427 2330 474 2395 VI
499 2354 529 2416 p.
553 2332 617 2397 509
642 2334 698 2412 [=
718 2330 833 2416 Opusc.
857 2331 935 2417 phil.
960 2330 1009 2395 ΙΙΙ
1032 2353 1061 2415 p.
1080 2330 1144 2395 447
1165 2330 1261 2411 ann.].

146 2426 202 2500 bun
234 2441 360 2520 autern,
397 2438 543 2523 quisquis
572 2438 651 2522 fuit,
688 2460 766 2503 sane
804 2440 908 2503 metra
945 2460 1072 2522 quoque
1111 2436 1260 2523 attigisse

148 2544 206 2623 puto,
226 2549 257 2607 ct
282 2543 487 2627 potissimum
512 2545 640 2628 quidem
665 2544 789 2608 cantica
808 2543 959 2608 Plautino
980 2546 1010 2608 in
1031 2566 1100 2609 eam
1120 2544 1259 2607 formam

150 2647 287 2733 redegisse,
317 2652 356 2714 acl
386 2653 476 2715 cuius
505 2652 685 2735 exemplum
715 2653 822 2736 aliquo
851 2652 1037 2734 intervallo,
1065 2651 1119 2715 sed
1149 2656 1257 2714 tumen

153 2760 274 2821 conmuni
296 2781 390 2841 saepe
411 2759 598 2822 testimonio
616 2760 641 2822 ri
665 2764 696 2821 et
719 2759 749 2821 It
769 2759 937 2821 accedunt:
961 2781 1096 2842 qnorum
1118 2759 1256 2821 cantico-

157 2867 343 2928 unrationes
364 2867 426 2929 iarn
449 2866 594 2947 proximo
615 2871 687 2947 post
711 2870 821 2947 postue
841 2870 980 2928 aetatem
998 2866 1126 2928 sacculo
1142 2887 1255 2948 parum

151 2977 297 3052 perspectas
334 2956 403 3035 csse
438 2974 591 3036 Sisennae
625 2974 771 3055 cxcmplo
806 2973 898 3036 «locui
932 2972 1094 3055 Parcrgon
1125 2996 1154 3056 p.
1183 2973 1257 3037 383.

149 3066 279 3142 Praeterea
304 3102 320 3140 c
345 3080 425 3142 sutis·
455 3081 587 3162 antiqua
611 3084 716 3142 nctntc
741 3079 818 3141 illini
846 3079 1052 3162 ropetcndum
1077 3079 1168 3143 valde
1194 3103 1257 3143 nie-

147 3184 276 3266 uorabilc,
301 3185 387 3267 qnod
412 3185 604 3266 quibusdum
630 3186 663 3247 in
689 3185 809 3248 fabulis
834 3208 892 3268 pro
917 3186 963 3248 eis
987 3208 1067 3269 (iiiuc
1093 3208 1177 3250 nuno
1202 3186 1257 3250 hs-

146 3280 230 3352 bcntur
256 3312 466 3373 personarum
496 3292 681 3353 nominibus
712 3292 743 3353 in
768 3293 797 3354 Α
824 3314 955 3373 prorsus
980 3293 1107 3356 diversa
1132 3300 1257 3375 reperta

146 3399 208 3456 sunt:
227 3398 307 3481 quod
331 3397 426 3480 attigi
452 3396 568 3463 ibidem
595 3420 623 3479 p.
644 3399 717 3479 W,
741 3422 799 3460 suo
825 3400 894 3462 loco
920 3421 1092 3482 persequar
1117 3400 1255 3463 uberius.

150 3532 176 3540 --
190 3500 211 3564 Ε
227 3504 280 3567 tali
300 3509 409 3567 autern
430 3503 616 3567 recensendi
637 3505 744 3567 studio
764 3510 793 3567 ct
815 3505 949 3567 consilio
973 3505 1128 3589 quidquid
1153 3510 1256 3570 trans·

147 3599 193 3666 isse
216 3610 243 3670 in
271 3611 519 3675 Ambrosianum
549 3612 736 3693 comeaeris,
769 3618 854 3675 certo
888 3634 951 3675 non
986 3613 1107 3695 poteris
1136 3614 1256 3677 iniibus

150 3707 310 3796 adaliqnam
329 3722 493 3800 tamquam
515 3719 773 3801 praerogativum
792 3719 1013 3782 l'alutinornm
1034 3720 1255 3784 ‹terrionstrun-

149 3809 205 3877 dsm
223 3822 273 3882 nti:
299 3845 370 3886 nam
396 3846 478 3907 quae
503 3824 535 3887 in
560 3824 611 3887 his·
636 3826 712 3907 ipsis
737 3825 873 3907 duplicis·
899 3825 1092 3888 recensionis
1119 3827 1257 3909 vestigia

151 3937 224 3984 versu
245 3928 315 3993 1188
343 3932 453 4013 aperui
484 3932 624 4015 (drinonis
652 3939 837 4013 rosconmon
866 3938 896 3995 ct
921 3934 1029 3995 dicut·
1059 3933 1138 4013 licet,
1168 3954 1256 3995 acce·

153 4018 227 4086 dente
246 4052 436 4111 personarum
462 4040 640 4103 mutatione
650 4058 665 4109 i.
690 4040 735 4102 eis
761 4039 985 4103 nuinit'cstiora
1010 4039 1140 4120 reperiri
1163 4059 1255 4122 nego.

154 4121 246 4209 mque
263 4135 313 4204 hoc
334 4167 427 4209 omne
452 4167 523 4208 cum
549 4144 639 4208 valde
664 4146 850 4226 ambiguum
877 4146 932 4226 sit,
957 4166 1021 4207 non
1048 4145 1165 4226 poterit
1191 4168 1256 4209 non

161 4280 299 4307 x·x„

230 4372 250 4437 *i
264 4379 304 4447 [Cf.
320 4389 390 4444 inirs
407 4409 434 4459 p.
454 4404 555 4445 cxxxi.
577 4394 676 4459 Opusc.
698 4391 766 4459 phil.
788 4391 809 4444 Η
830 4410 857 4460 p.
878 4394 950 4461 tit]

215 4456 271 4534 ”ti
318 4476 413 4548 opusc.
433 4479 503 4549 pun.
523 4478 548 4532 11
567 4497 593 4548 p.
616 4486 674 4546 ros,
695 4479 741 4533 ubi
761 4479 823 4533 vioe
843 4479 1074 4548 annotationem]
