2836 5034
140 309 204 374 718
376 318 610 368 uusnrurscuu
635 304 856 384 assusatus,
880 314 1075 381 snuussau,

141 487 213 529 mus
237 465 284 529 ita
307 486 366 529 uos
391 463 538 547 defungi,
568 465 693 525 utnon
715 465 828 525 nostra
855 459 1039 524 elocutione
1062 459 1191 534 utamur,
1214 458 1256 520 sed

141 573 237 637 fidem
266 571 439 635 verborum
468 570 509 633 ab
537 568 618 652 ipsis
647 566 815 632 ordinibus
847 566 881 629 iu
909 563 1041 629 chartas
1070 564 1258 628 coniectorum

143 675 359 760 servemus.*)

281 939 319 1027 h)
344 941 398 1005 Im
421 940 663 1006 Prooemium
688 941 752 1005 des
777 938 1041 1005 Sommersem.
1067 938 1150 1004 1845

471 1080 523 1168 (dc
548 1083 691 1147 tabernis
714 1082 779 1147 fori
803 1080 966 1167 Romani).

236 1225 298 1289 Sed
323 1225 403 1290 satis
427 1224 548 1289 dictum
574 1229 643 1290 esto
666 1224 705 1288 de
728 1225 874 1290 tabernis
898 1225 1107 1309 opsoniisque
1131 1245 1208 1307 quae
1228 1245 1266 1286 ro·

145 1334 205 1414 bis,
229 1332 481 1414 commilitones,
508 1335 678 1415 tamquam
708 1331 852 1416 aliquam
881 1329 1114 1415 promulsidem
1140 1329 1266 1412 apposui·

145 1462 217 1504 mus
242 1438 309 1502 eius
334 1460 444 1520 cenae,
468 1460 565 1522 quam
589 1438 737 1522 proximo
762 1438 942 1503 studiorum
971 1427 1080 1502 cursui
1110 1440 1265 1499 vestrorum

145 1550 295 1630 paratam
319 1544 506 1627 conspicitis
530 1545 753 1610 lautissimam.
790 1543 818 1607 Ε
839 1544 929 1608 cuius
948 1518 1112 1608 luculenia
1135 1542 1268 1606 varietate

146 1654 316 1717 hortamur
343 1654 380 1715 ut
407 1651 477 1735 pari
505 1650 627 1717 fervori
655 1650 826 1735 prudentia
854 1650 1006 1735 deligatis
1030 1653 1185 1734 quantum
1207 1647 1267 1712 satis
1304 1682 1306 1703 ι

146 1759 198 1842 sit,
221 1759 284 1823 hoc
306 1763 437 1823 estnec
461 1781 576 1843 parum
599 1780 658 1823 nec
681 1759 829 1823 nimium:
853 1758 981 1842 quaudo
1005 1761 1039 1821 et
1061 1763 1106 1822 est
1127 1758 1225 1821 modus
1242 1757 1265 1817 iu
1302 1766 1306 1831 l

146 1865 236 1930 rebus
259 1868 293 1928 et
315 1867 416 1929 πλέον
439 1866 530 1944 turco
553 1864 675 1928 crowd<
698 1865 823 1948 pridem
848 1868 993 1927 veterum
1017 1864 1176 1947 sapientia
1197 1885 1264 1946 prae·

148 1971 241 2054 cepit.
288 1970 412 2035 Valete.

640 2061 798 2069 ι--ι--ο

281 2220 305 2306 i)
329 2219 383 2284 Im
406 2219 649 2285 Prooemium
672 2221 737 2285 des
762 2219 1005 2285 Wintersem.
1031 2220 1158 2305 1845]ss

480 2360 532 2448 (de
555 2362 712 2427 Varronis
736 2360 957 2448 logistoricis).

237 2505 359 2569 Verum
383 2504 463 2569 satis
487 2505 609 2569 dictum
633 2507 703 2568 esto
727 2504 765 2567 de
784 2502 931 2568 Varrone
955 2503 1100 2568 liberalis
1126 2501 1257 2569 salutaris·

148 2635 208 2696 quc
241 2613 404 2675 doctrinae
436 2612 520 2675 inter
544 2612 709 2675 Romanos
743 2633 868 2674 summo
901 2611 1023 2674 lumine
1057 2616 1090 2673 et
1123 2609 1257 2673 columine.

148 2717 246 2782 Cuius
275 2739 346 2781 cum
378 2718 470 2781 vobis
495 2718 677 2800 exemplum
700 2720 912 2802 proponimus
937 2717 1022 2801 quod
1045 2716 1224 2781 intueamini
1239 2717 1258 2773 et

147 2847 206 2909 pro
230 2825 317 2888 virili
341 2828 434 2907 parte
459 2825 679 2906 aemulemini,
708 2847 773 2888 non
801 2825 993 2887 eruditionis
1022 2825 1132 2908 potius
1161 2821 1257 2887 lauden

148 2932 339 3015 cogitamuS,
365 2952 446 3014 quae
470 2932 504 2994 in
528 2932 586 2994 illo
610 2934 704 2994 tanta
726 2930 790 2993 fuit
814 2935 849 2993 ut
872 2952 937 2993 non
960 2932 1066 3013 possit
1086 2931 1149 2994 nisi
1168 2928 1261 3014 paucis

148 3039 246 3101 simos
276 3038 325 3101 sui
353 3037 474 3101 similes
503 3037 636 3118 habere,
664 3059 761 3120 quam
789 3037 909 3100 indolis
939 3037 1145 3102 honestatem
1170 3040 1263 3120 specta·

149 3167 219 3207 mus
243 3145 383 3227 bonique
407 3150 440 3208 et
464 3146 525 3208 viri
550 3149 582 3208 et
606 3145 685 3208 civis
709 3144 829 3208 officia:
852 3166 934 3228 quae
958 3144 1013 3208 ille
1033 3144 1131 3227 longe
1151 3145 1266 3208 luculen-

148 3252 274 3315 tissimo
299 3252 490 3316 documento
515 3274 572 3334 per
596 3251 783 3314 diuturnum
808 3252 892 3314 vitae
918 3251 1057 3334 spatium
1083 3274 1121 3314 eo
1146 3271 1267 3334 compro·

148 3359 247 3440 bavit,
271 3358 355 3440 quod
380 3359 420 3421 ab
445 3360 645 3422 umbraticae
669 3358 825 3441 gloriolae
849 3359 995 3423 vanitate
1015 3359 1227 3422 alienissimus
1242 3354 1268 3420 al

149 3465 273 3547 patriae
298 3465 436 3529 salutem
461 3465 715 3530 conservandam
740 3465 1049 3549 instaurandumque
1073 3465 1211 3531 Romani
1231 3486 1270 3528 uo·

237 3713 262 3780 ³²)
283 3714 350 3783 [Der
375 3711 524 3765 officiellen
543 3710 725 3781 Mittheilung
749 3711 798 3765 der
817 3728 907 3764 neuen
928 3710 1150 3781 Preisausgaben
1170 3714 1221 3767 und
1237 3711 1273 3763 der

150 3803 212 3869 Art,
236 3802 265 3855 in
288 3802 337 3854 der
360 3800 404 3853 die
432 3800 605 3868 llewerbung
631 3800 828 3854 stattzufinden
852 3801 936 3866 habe,
961 3799 1064 3869 pflcgtc
1089 3802 1198 3856 ltitsclrl
1219 3800 1273 3854 noch

149 3891 202 3944 den
225 3889 420 3959 persdnlichen
446 3889 560 3942 Sclrluss
584 3887 800 3957 hinzuzufiigeu:
836 3889 953 3942 ‘Laudis
980 3888 1133 3956 pariendas
1164 3905 1273 3959 campum

149 3980 353 4048 amplissimum
373 3979 452 4032 vobis
471 3980 599 4046 apertum
619 3977 793 4047 intellegitis,
813 3977 1026 4035 commilitones.
1066 3980 1128 4032 Huc
1149 3981 1230 4049 igitur
1245 3978 1274 4030 is·

149 4071 202 4124 cite
227 4067 393 4134 convoletis,
419 4068 529 4121 naviter
552 4068 586 4119 do
611 4069 763 4137 propositis
787 4067 919 4137 praemiis
937 4068 1088 4123 decertetis
1108 4070 1274 4135 victricesque

149 4159 257 4227 palmas
277 4174 291 4210 e
311 4155 486 4210 nobilissimo
502 4156 652 4210 certamine
667 4157 824 4225 reportetis.
845 4157 956 4210 Valete’
979 4157 1046 4211 oder
1061 4158 1148 4211 auch:
1170 4157 1274 4210 ‘lauden

149 4246 234 4315 igitur
259 4246 342 4299 facite
365 4261 399 4299 ex
423 4243 564 4298 uberrima
587 4246 748 4314 disputandi
768 4246 886 4300 matoria
904 4249 1059 4314 quaeratis:
1089 4264 1147 4314 qua
1166 4251 1239 4315 parta
1254 4250 1275 4296 el

149 4335 177 4388 iu
201 4352 250 4388 vos
275 4334 404 4387 utilitatis
429 4336 457 4385 et
481 4333 508 4385 in
532 4337 642 4386 nosmet
660 4334 813 4401 voluptatis
832 4333 983 4401 largissimi
1005 4334 1109 4387 lnrctus
1128 4334 1273 4387 reduudenl.

149 4425 269 4478 Valctm'
309 4424 337 4474 C.
358 4423 415 4491 Wj}
