2836 5034
210 327 276 391 356
500 342 760 392 eaonroouaun
783 344 830 390 nn
853 342 1065 392 sarromavs

209 486 295 550 vitiis
329 488 438 549 autem
470 487 648 570 scripturae
680 488 786 551 latens
818 491 1029 569 cunrmptenn
1062 507 1090 549 r.
1117 484 1185 550 114.
1211 484 1270 549 116.
1286 521 1299 529 -

209 592 360 656 Iunctum
387 613 419 655 ne
446 592 574 657 litterae
595 615 622 676 p
650 616 766 659 sonum
795 598 996 678 quantopere
1018 595 1144 657 veteres
1167 589 1299 655 odarum

209 721 274 764 non
296 701 415 782 erumpet
442 706 599 782 surruptum
626 705 756 767 tantum
787 705 942 788 arguunt,
970 721 1052 785 quae
1080 699 1150 764 sine
1171 719 1196 781 p
1215 697 1299 762 scribe

209 807 291 870 velle
314 828 502 890 perversum
525 807 618 893 foret,
642 809 698 874 sed
721 810 830 893 etiam,
852 809 886 873 in
911 808 1030 893 quibus
1053 828 1119 872 non
1141 805 1299 870 necessarie

139 938 195 979 cur
204 936 238 997 p,
262 915 422 980 crassiora
440 915 639 998 dompnum
656 940 686 981 v.
705 917 780 981 219.
804 916 877 981 314.
897 915 973 999 585,
995 912 1299 995 contempnunt?

210 1025 307 1105 atque
335 1020 414 1087 adeo
441 1029 660 1106 antempnns
686 1046 714 1087 v.
739 1021 849 1108 837.*)
897 1020 987 1097 Quae
1016 1022 1044 1084 si
1072 1021 1128 1104 qui
1154 1040 1218 1084 non
1242 1041 1299 1082 eu

209 1130 280 1213 gari
299 1130 531 1212 pronuntiandi
551 1128 782 1194 consuetudine
799 1129 903 1212 ipsius
924 1127 1131 1212 antiquitatis
1149 1127 1252 1191 relicta
1267 1148 1299 1190 ess

210 1236 266 1299 sed
289 1236 454 1301 codicibus
473 1237 692 1302 inhaerescere
712 1258 729 1300 e
748 1235 966 1320 posteriorum
985 1233 1190 1300 saeculorum
1208 1233 1299 1298 barbu

210 1342 397 1427 opinantur:
422 1344 476 1428 qui
499 1344 631 1408 tandem
655 1344 778 1408 factum
801 1343 909 1408 dicent
932 1345 977 1427 ut,
1000 1364 1064 1428 quo
1083 1341 1145 1428 *qui
1166 1364 1185 1405 a
1207 1340 1299 1406 barba

208 1451 341 1534 propior
364 1450 463 1516 codex
487 1455 545 1529 est,
569 1473 606 1516 eo
630 1451 760 1516 illarum
785 1449 915 1534 quidem
939 1451 1156 1535 asperitatum
1179 1449 1285 1532 minus,

209 1561 318 1622 autem
346 1559 419 1642 plus
447 1561 569 1636 teneat,
598 1580 661 1644 quo
691 1559 731 1622 ab
759 1558 820 1623 illa
849 1562 899 1622 est
921 1558 1079 1622 remotior
1103 1560 1137 1620 et
1160 1555 1285 1640 propius

208 1665 438 1750 antiquitatem
467 1664 642 1730 accedens?
688 1663 757 1730 Nec
785 1664 824 1730 de
853 1670 998 1747 ternptnre
1025 1665 1133 1730 forma
1162 1665 1237 1748 post
1256 1661 1299 1726 Be

208 1772 308 1837 laium
336 1773 370 1836 in
399 1770 528 1837 Phorm.
552 1772 614 1857 ΙΙΙ,
638 1774 668 1856 3,
694 1772 733 1836 19
763 1772 860 1837 hodie
888 1773 955 1837 fere
982 1772 1162 1837 dubitatur.
1185 1807 1229 1817 —
1252 1768 1299 1834 05

209 1879 308 1943 sionis
324 1879 423 1942 etiarn
438 1879 510 1962 plns
529 1879 650 1944 habere
670 1878 894 1945 thensaurus
911 1879 1073 1944 videbitur
1091 1878 1299 1944 constantissi

208 1986 353 2051 codicum
381 2008 442 2049 usu
470 1986 708 2050 confirmatum:
738 1986 825 2072 quod
851 1987 911 2051 etsi
937 1985 1033 2050 facile
1062 1989 1114 2050 est
1140 1986 1268 2050 ratione
1289 2007 1299 2048 ε

207 2093 400 2157 destitutum
419 2093 618 2178 intellegere,
641 2098 753 2159 tamen
773 2095 993 2160 demonstrare
1016 2083 1148 2158 difficile
1171 2093 1299 2157 fuerit]

208 2201 353 2284 potuisse
377 2222 478 2283 prava
502 2200 640 2285 quadam
660 2201 882 2266 Romanorum
906 2199 1140 2265 consuetudine
1159 2221 1296 2283 prorsus

208 2308 415 2390 crebrescere,
438 2308 630 2391 praesertim
653 2331 727 2373 cum
750 2308 894 2372 conicere
917 2307 952 2371 in
976 2310 1130 2391 promptu
1154 2307 1202 2370 sit
1226 2307 1298 2372 eoi

207 2417 315 2479 totiens
337 2416 473 2496 quotiens
496 2416 698 2497 sorrentu-mens
719 2416 835 2479 ueniens
856 2415 1043 2480 rn'ecnse'rmcs
1064 2413 1251 2479 formarum
1275 2413 1299 2477 si

206 2522 343 2585 litudine
367 2522 483 2586 ductos
508 2544 586 2586 esse.
632 2521 680 2586 De
704 2522 753 2585 his
779 2523 864 2586 enim
888 2523 915 2586 si
945 2521 1106 2586 credimus
1131 2520 1299 2585 codicibus

207 2629 245 2692 de
268 2631 478 2711 surrentinae,
508 2629 535 2692 si
565 2629 602 2691 de
629 2629 705 2706 turer,
735 2630 819 2713 quod
850 2651 926 2693 casu
948 2631 1078 2692 tantum
1102 2627 1232 2691 facturn
1256 2633 1299 2692 est

208 2737 346 2800 aliorum
371 2758 498 2819 quoque
523 2736 554 2799 vi
578 2736 841 2800 testimoniorum
866 2735 1069 2820 comprobari
1094 2736 1257 2818 potuerit:
1286 2758 1299 2817 q

207 2847 257 2906 est
280 2867 335 2907 cur
359 2843 520 2907 communi
543 2844 714 2907 consensui
739 2844 912 2908 eorundem
935 2842 1081 2907 codicum
1102 2865 1172 2908 non
1195 2844 1299 2908 credar

123 2934 124 2937 ¹
208 2949 246 3013 de
276 2951 349 3032 illo,
378 2951 461 3034 quod
491 2950 657 3015 contrario
686 2972 761 3015 casu
790 2951 899 3016 evenit
926 2954 963 3014 ut
991 2951 1057 3015 alia
1085 2952 1283 3016 auctoritate

208 3057 289 3119 mari
312 3078 377 3120 non
402 3057 527 3140 possit?
573 3054 642 3120 Nec
670 3058 787 3122 mirum
814 3058 849 3122 in
872 3058 935 3122 hoc
958 3057 1169 3141 potissimum
1194 3059 1299 3123 vocabi

207 3167 243 3226 nt
266 3163 355 3227 ouius
379 3185 455 3228 vera
478 3164 569 3248 origo
593 3165 755 3228 neminem
778 3165 889 3249 fugere
909 3168 1030 3249 posset,
1053 3165 1215 3230 insertam
1234 3187 1255 3230 n
1273 3166 1299 3228 lit

207 3293 277 3334 ram
306 3271 380 3334 aliis
410 3271 627 3355 displicuisse,
656 3273 745 3335 velut
772 3270 883 3336 Servio
911 3272 945 3335 in
977 3272 1055 3335 Aen.
1079 3270 1109 3351 I,
1135 3272 1213 3356 359,
1243 3273 1299 3336 sive

207 3378 276 3461 ipse
292 3378 447 3442 iudicavit
463 3379 530 3442 sive
550 3383 674 3444 veteres
695 3378 824 3442 criticos
846 3381 973 3443 secutus
993 3383 1051 3442 est.
1085 3369 1298 3442 Oeumm'en

208 3488 240 3549 in
260 3487 454 3568 lllepcluesru
476 3485 629 3550 Forensis
652 3486 823 3550 Hortensia
846 3486 999 3551 extritum
1022 3506 1045 3549 n
1069 3490 1212 3570 constat,
1235 3486 1299 3549 imn

208 3616 278 3657 snm
302 3594 337 3658 iu
360 3594 434 3657 aliis
454 3593 602 3676 plurimis
623 3616 704 3676 quae
724 3592 863 3657 Conradi
884 3592 1073 3658 Schneideri
1092 3593 1299 3678 diligentiae

208 3700 310 3783 gessit
332 3723 361 3782 p.
385 3700 448 3763 457
462 3723 529 3785 sqq.
554 3738 598 3746 -
622 3700 673 3763 Ab
702 3701 795 3765 initio
820 3700 1050 3765 vocabulorum
1074 3701 1172 3764 binas
1196 3722 1254 3785 pro
1275 3696 1299 3761 sir

207 3806 285 3888 plici
314 3812 530 3872 consonantes
558 3831 623 3873 non
653 3812 702 3871 est
730 3808 942 3872 dubitandum
971 3808 1049 3892 quin
1079 3807 1233 3872 Plautina
1264 3806 1299 3869 ael

141 3901 393 3977 ‹srv'oonstanter
416 3916 562 3996 posuerit
583 3916 616 3978 in
642 3920 780 3997 puratos
809 3912 874 4000 (vel
899 3914 1038 3978 fortasse
1064 3931 1199 3978 cnnrvs
1224 3911 1299 3996 potis·

207 4020 305 4083 etiam
325 4020 359 4082 in
379 4041 497 4104 gnoson,
520 4026 558 4086 ut
577 4045 614 4086 ex
635 4020 693 4085 SC.
713 4022 751 4085 de
772 4020 989 4087 Bacanalibus
1009 4021 1212 4107 apparet.**)
1247 4017 1299 4081 Hn

206 4127 384 4209 scripturae
414 4128 487 4211 quid
519 4130 551 4194 in
574 4128 689 4194 Plauto
719 4130 866 4213 proxima
894 4134 970 4214 post
993 4131 1179 4215 Augustum
1206 4134 1299 4210 temp

296 4380 320 4442 t)
341 4375 409 4443 [Has
429 4375 532 4429 formas
551 4380 650 4444 postea
669 4373 838 4432 Bitschelius
858 4377 959 4433 merito
978 4380 1106 4449 sprevit]

277 4468 320 4530 **)
339 4464 391 4533 [Of.
411 4464 496 4531 praef.
517 4464 606 4519 Stichi
627 4485 650 4534 p.
672 4469 746 4533 xvi]
