2886 5032
189 315 254 379 638
568 323 806 372 urrnrmscna
829 323 960 372 nauum

196 494 323 557 quoque
356 475 449 554 parte
482 469 546 533 sibi
577 467 726 533 satisfiat.
780 466 904 542 Quodsi
940 466 1054 550 dispar
1084 465 1210 531 aliarum
1234 461 1290 528 ratio

188 578 432 663 disciplinarum
455 580 519 640 est:
543 577 576 638 et
600 578 651 639 est
674 588 752 639 sane
776 595 843 638 una
864 573 1049 657 praecipue,
1071 594 1169 657 equa
1184 573 1231 657 qui
1243 590 1291 654 pro

189 686 290 750 deuut
313 684 441 766 saepius
464 705 561 769 quam
585 682 684 746 velles
707 682 748 746 ab
772 682 854 745 artis
878 703 989 746 amore
1013 680 1188 746 seiunctum
1207 678 1293 744 habent

192 792 279 855 vitae
303 811 412 853 usum:
436 789 607 854 dolendum
631 788 717 853 istud
736 787 865 873 quidem
884 791 948 870 est;
972 809 1034 853 nos
1052 792 1169 872 autem,
1189 787 1235 872 qui
1248 784 1293 869 pli

191 898 335 980 lologiae
364 918 482 961 nomen
509 895 668 974 dedimus,
696 895 961 980 congratulemur
984 894 1080 959 nobis
1103 894 1251 959 artissimo
1265 889 1295 954 ri·

190 1008 243 1068 tae
267 1009 300 1069 at
324 1003 404 1067 artis
428 1003 558 1066 viuculo
582 1001 755 1066 coniuncta
778 1000 901 1083 studia,
928 1022 988 1066 nec
1016 1001 1206 1067 divellamus
1226 998 1297 1065 alio·

190 1132 328 1196 guarum
347 1110 543 1173 tractatione
563 1109 705 1192 reliquae
724 1107 931 1192 antiquitatis
953 1107 1233 1194 investigationem
1247 1098 1297 1169 licet

192 1241 212 1281 a
242 1216 424 1281 scholarum
454 1214 687 1280 cousuetudine
716 1215 784 1279 fere
815 1215 970 1300 alienam,
1002 1216 1074 1280 sine
1104 1239 1168 1302 qua
1194 1252 1228 1262 -
1251 1230 1298 1275 nes

192 1323 321 1408 quidem
354 1322 580 1406 qualicumque
612 1321 764 1407 opinions
796 1359 840 1372 -
872 1323 952 1387 artis
984 1324 1164 1390 necessitas
1195 1323 1297 1388 habetur

194 1430 295 1495 nulla

280 1534 367 1616 Dixi,
384 1536 418 1599 'si
440 1536 525 1601 forto
549 1536 655 1601 minus
678 1559 737 1621 pro
762 1537 1000 1623 exspectatione
1023 1541 1144 1621 restra,
1165 1543 1261 1602 umen
1275 1534 1299 1595 ul

192 1643 298 1727 potui,
328 1642 413 1727 quod
437 1643 531 1707 sensi.
578 1641 649 1719 Quo
672 1644 778 1728 magia
801 1644 919 1728 laetor,
946 1645 1046 1710 etiam
1075 1644 1123 1728 id,
1150 1643 1232 1729 quod
1250 1637 1298 1704 reli·

194 1770 292 1832 quum
327 1752 390 1831 est,
411 1770 460 1812 ‘ex
490 1748 592 1813 animi
618 1749 782 1814 sententia
811 1771 831 1815 a
861 1771 912 1815 me
942 1772 1041 1834 posse
1071 1750 1146 1817 dici.
1190 1747 1299 1815 Perus

194 1859 303 1918 autem
325 1855 387 1919 hoc
410 1876 483 1920 oum
507 1853 547 1919 ad
570 1855 724 1940 reliquos,
747 1878 886 1940 quorum
909 1856 1051 1943 benigna
1069 1857 1301 1941 praesentiam·

194 1960 374 2042 piissimam
402 1961 488 2025 hanc
515 1983 666 2027 eoronam
695 1963 943 2028 condecoratam
971 1963 1079 2048 rideo,
1111 1969 1180 2029 tum
1207 1963 1244 2028 ad
1260 1977 1303 2033 re

193 2066 339 2153 collegae
357 2069 641 2153 praestantissimi,
660 2070 852 2154 quibuscum
870 2070 1056 2156 gravissimi
1074 2073 1215 2137 muneris
1232 2065 1301 2135 seir

195 2178 263 2238 tate
286 2172 522 2259 Angustissimi
544 2175 644 2261 Regis
671 2176 845 2241 elementia
868 2177 1242 2262 sapientissimorumque
1259 2171 1302 2236 eiu

195 2279 419 2345 ministrorum
444 2283 620 2348 auctoritas
644 2305 695 2347 me
719 2284 926 2348 coniunctum
945 2285 1058 2349 voluit.
1091 2284 1232 2361 Quorum
1250 2270 1302 2344 nili

195 2409 268 2451 cum
290 2387 421 2472 publica
443 2389 551 2474 gratia
574 2394 607 2455 et
630 2389 882 2473 commendatio,
909 2394 981 2456 tum
1008 2392 1172 2476 privatum
1194 2387 1300 2454 sudium

196 2517 233 2559 uo
256 2495 406 2561 voluntas
435 2500 503 2560 tam
532 2496 693 2561 cumulate
717 2497 936 2582 contigerunt,
970 2498 1052 2563 nihil
1077 2503 1115 2564 ut
1139 2499 1187 2564 vel
1210 2496 1244 2562 ad
1261 2490 1302 2576 pie

195 2602 273 2666 tatis
299 2601 442 2669 officium
466 2604 619 2687 sanctius,
643 2604 694 2668 vel
719 2604 759 2669 ad
778 2604 879 2670 animi
903 2606 1055 2671 affectum
1081 2606 1240 2690 antiquius
1256 2616 1302 2684 gu·

195 2710 251 2773 tiis
279 2710 412 2794 agemlis
445 2710 564 2773 habere
596 2733 647 2774 me
675 2733 771 2794 posse
804 2712 956 2794 arbitrer,
989 2735 1094 2796 neque
1129 2713 1209 2796 quod
1238 2723 1300 2783 erqr

196 2822 261 2879 tem
289 2818 426 2881 habeam
454 2822 582 2899 praeter
609 2818 751 2880 eiusdem
779 2820 1060 2884 conservationem
1089 2811 1300 2883 benevolentis·

199 2923 309 2988 valore
335 2926 435 3007 igitur
458 2929 490 2988 et
513 2924 629 2988 favete.
675 2924 758 2988 Dixi.

755 3302 785 3365 3.

197 3441 386 3505 Laudatio
414 3440 488 3506 Lib.
513 3443 679 3507 Barouis
700 3442 829 3508 Caroli
853 3445 896 3507 <le
917 3444 1025 3507 Stciu
1050 3444 1098 3508 ab
1119 3427 1299 3507 Alteustlll

603 3572 722 3634 nuper
745 3549 935 3635 mortui.*)

146 3732 183 3771 ῃ]
287 3691 408 3755 ltcoeus
439 3696 488 3756 est
514 3692 548 3756 in
580 3693 723 3757 omnium
755 3694 870 3757 animis
901 3693 956 3756 ille
987 3707 1051 3756 non
1082 3692 1208 3758 fucatus
1232 3680 1301 3749 dolor·

198 3821 260 3882 quo
285 3800 395 3883 paucis
419 3799 535 3863 abhinc
559 3800 723 3864 mensibus
744 3822 764 3863 a
782 3800 867 3864 bono
887 3821 1012 3883 quoque
1031 3799 1233 3864 tristissimus
1247 3799 1301 3853 ΜΨ

268 3994 293 4063 *Ι
317 3995 468 4063 [impressa
486 3995 530 4047 est
548 3994 616 4047 haec
635 3993 725 4047 oratio
744 3992 773 4047 in
792 3995 1001 4062 programmate
1021 3993 1182 4048 academico
1200 3980 1303 4061 Bonnenl}

198 4101 222 4139 a.
244 4091 312 4137 1840
337 4082 377 4135 sic
400 4082 547 4150 inscripto:
582 4082 752 4136 ‘Immortali
779 4081 929 4136 memoriae
946 4082 951 4152 Ι
967 4080 1021 4135 riri
1040 4069 1303 4150 perillustrisltibrll

199 4171 314 4225 licronis
331 4175 335 4238 Ι
352 4171 443 4223 Caroli
463 4171 497 4221 de
518 4170 596 4223 Stein
620 4171 656 4224 ab
676 4169 834 4223 Altensteiu
851 4174 854 4235 Ι
871 4171 899 4223 in
919 4186 1006 4239 regno
1026 4168 1175 4225 Borussico
1192 4140 1303 4221 rcrofflld

198 4260 341 4329 religionis
361 4259 475 4323 cultum,
492 4259 496 4326 Ι
512 4257 716 4313 institutionem
736 4252 876 4327 publicam
897 4261 926 4311 ct
944 4261 1034 4312 artem
1050 4259 1184 4313 medicam
1199 4249 1304 4335 perlissll'

197 4349 267 4401 tium
289 4352 293 4416 Ι
313 4366 363 4417 per
387 4346 475 4399 xxlll
503 4364 637 4401 annorum
662 4348 782 4416 spatium
807 4347 906 4400 summi
931 4347 1069 4417 praesidis
1086 4351 1090 4411 Ι
1107 4365 1140 4403 ac
1158 4340 1304 4427 moderates}l

200 4437 396 4506 liberalissimi,
416 4435 614 4505 sapientissimi
631 4442 635 4505 Ι
651 4438 726 4506 grati
749 4436 836 4490 animi
855 4438 1066 4491 monumentum
1083 4440 1088 4510 Ι
1105 4441 1135 4492 et
1154 4428 1305 4493 veneratior
