2836 5034
420 347 687 399 msususoms
711 348 918 399 enisum
1175 330 1243 399 3⁷5

138 488 194 557 disti
206 492 269 579 plus
290 492 470 561 valiturum
493 492 539 559 sit
560 515 658 579 quem
681 496 873 578 correptum,
895 493 924 559 si
947 493 997 560 dis
1020 492 1137 579 plsoet,
1158 492 1244 559 dese

135 598 304 685 Mdps'sta
326 599 390 683 [sio
411 600 447 665 in
468 600 557 683 edit]
580 597 799 666 Mostellariee
822 598 932 685 111,1‚
955 600 1030 687 115,
1051 600 1107 687 qui
1129 621 1243 668 versus

134 700 166 769 sie
180 705 389 794 orrjgondus:

251 846 316 916 Sed
338 851 494 917 dnsboni
516 851 576 917 hus
600 852 693 917 mnis
716 850 935 937 quadraginti
958 848 1056 917 dedit
1064 848 1099 938 ¹⁸)

134 985 158 1055 it
173 996 202 1057 ot
220 990 283 1059 hes
306 993 551 1079 opportunitate
574 992 675 1059 etium
698 993 738 1058 od
761 992 881 1060 dodim
902 991 1133 1061 removendum
1155 996 1240 1078 uter,

134 1098 403 1186 mphitruonis
426 1100 573 1197 uorsibus
595 1099 638 1184 11,
660 1100 690 1183 2,
716 1098 794 1167 129:

184 1228 336 1330 Obsecro,
357 1245 498 1311 etiamne
520 1243 583 1311 hdo
605 1244 752 1332 negabis,
773 1247 807 1310 te
830 1247 962 1311 edreum
984 1245 1132 1329 potorum
1155 1243 1237 1313 mihi

182 1349 317 1419 Dedisse
339 1350 425 1418 dono
448 1350 557 1437 hodie,
578 1373 644 1439 qus
665 1356 700 1418 te
722 1351 791 1418 illio
813 1351 969 1418 donstum
989 1372 1060 1417 esse
1078 1348 1229 1419 dixeras?

134 1494 238 1561 esitio
259 1515 391 1561 mouere
413 1493 465 1559 sol
486 1494 551 1560 hoo
571 1497 683 1579 potest
704 1493 805 1580 quod,
836 1514 910 1559 eum
931 1494 1013 1561 dono
1033 1492 1123 1561 tedis
1144 1493 1179 1560 in
1201 1493 1236 1561 B
1249 1512 1350 1555 oxxvu

134 1604 150 1685 t,
166 1601 255 1668 hodie
274 1604 354 1668 dono
371 1600 407 1668 D
424 1599 564 1686 exhibet,
585 1600 870 1687 interpretamenti
893 1600 1012 1670 iudidio
1033 1600 1087 1669 hie
1109 1622 1238 1689 quoquo

134 1708 275 1776 snifesto.
319 1708 436 1775 Deleto
458 1711 537 1775 dono
561 1708 668 1776 seribe

179 1832 332 1936 Obsecro,
353 1852 495 1918 etiamne
517 1850 580 1919 hdo
602 1852 750 1940 negabis,
772 1854 905 1919 edresm
927 1852 1078 1935 peterdm
1100 1851 1183 1919 mihi
1242 1898 1249 1907 -
1341 1868 1350 1877 ·

179 1955 226 2023 Τό
248 1954 375 2023 dedisse
398 1957 504 2045 hodie,
527 1981 592 2046 qus
612 1966 646 2025 te
669 1959 717 2026 illi
741 1958 899 2026 donatum
921 1980 992 2026 esse
1013 1954 1164 2027 dixeras?

134 2100 160 2167 si
182 2100 255 2187 quis
282 2104 449 2187 praestare
477 2102 596 2169 dixerit
615 2102 722 2169 Hodie
743 2107 772 2169 o
792 2102 922 2183 dedisse,
946 2122 1011 2187 psus
1031 2102 1084 2171 ms
1104 2102 1184 2171 ted
1205 2103 1237 2179 d.

134 2206 150 2273 d
167 2208 277 2275 dedisti
297 2212 336 2275 ut
357 2208 497 2295 nedem,
519 2208 582 2276 hoe
604 2210 661 2296 qui
683 2213 794 2276 tuetur
812 2210 921 2277 modio
937 2214 1087 2296 correpte
1104 2208 1236 2297 dietum,

134 2336 245 2382 nerem
267 2316 345 2383 licet
367 2338 425 2383 our
441 2337 509 2383 non
525 2315 627 2381 otium
643 2316 803 2401 products
819 2315 927 2402 prims
945 2316 1074 2403 syllsbe
1090 2317 1236 2402 positum

134 2444 166 2488 se
190 2423 285 2490 libris
312 2422 423 2489 credet
443 2422 571 2490 Truout
597 2422 644 2507 Π,
667 2422 703 2507 6,
725 2423 783 2490 36:
818 2422 968 2507 meipsum
990 2423 1103 2491 desim
1121 2424 1235 2493 docus?

134 2549 175 2593 sn
199 2531 350 2595 mutilum
374 2531 414 2595 sb
440 2528 534 2597 initio
557 2551 627 2595 esse
651 2526 853 2596 Curculionis
876 2528 919 2615 n,
937 2530 968 2614 3,
987 2530 1030 2597 66
1053 2530 1125 2615 ipss
1148 2531 1231 2598 ratio

134 2657 273 2702 nnonum
302 2638 424 2723 arguit,
456 2638 511 2721 qui
542 2637 651 2703 addito
681 2638 747 2701 sive
778 2638 821 2702 ss
848 2637 915 2701 sive
943 2658 995 2721 epo
1019 2638 1065 2703 sic
1089 2639 1175 2703 inter
1197 2660 1233 2703 se

134 2739 307 2829 'stingnendi
331 2748 420 2809 sunt:

178 2870 228 2951 ibi
248 2885 405 2951 ‘dedistin
424 2892 459 2951 tu
479 2887 689 2973 ungentum?
709 2888 851 2972 inquam.
876 2872 998 2954 ‘immo
1023 2888 1109 2973 spud
1127 2891 1231 2972 trape-

886 2996 984 3061 uitim
1008 2993 1159 3060 situmst.’
1171 2994 1222 3078 **)

135 3154 220 3220 rgone
247 3160 345 3202 unum
369 3137 495 3203 salvum
523 3158 593 3201 esse
617 3136 815 3202 Menaechm.
838 3134 895 3220 IV,
918 3137 953 3221 3,
979 3136 1019 3202 15
1048 3138 1231 3223 exemplum

134 3242 212 3309 edes:

181 3385 259 3452 Tute
283 3387 370 3453 ultro
395 3388 434 3453 sd
458 3410 509 3453 me
533 3387 687 3471 detulisti,
710 3386 828 3451 de‘disti
852 3410 924 3452 eom
948 3387 1032 3453 dono
1056 3389 1148 3473 mihi,

134 3542 221 3596 torsus
244 3529 323 3595 illud
348 3530 530 3596 solitarium
555 3532 588 3595 in
612 3530 686 3614 plus
710 3530 847 3616 triginta
869 3529 1035 3615 legitimus
1057 3532 1230 3617 prosodiae

134 3637 246 3735 semplis
269 3636 429 3702 Plautinis
453 3636 736 3722 Terentisnisque,
769 3643 806 3702 nt
829 3640 954 3702 taceam
972 3639 1147 3721 perdidisti,
1170 3661 1230 3705 cre-

134 3732 198 3805 idios·
222 3742 366 3809 formos?
411 3743 465 3808 An
492 3743 587 3810 nobis
615 3744 723 3828 potius
747 3743 870 3825 credes,
902 3747 959 3808 eut
981 3744 1060 3811 do'ow
1082 3746 1161 3812 misi
1181 3747 1230 3811 de-

134 3839 172 3907 eti
184 3869 247 3914 eam
263 3850 560 3934 transponentibus,
584 3855 642 3914 out
659 3851 764 3915 lenius
783 3849 882 3917 etism
902 3851 949 3918 sic
968 3852 1230 3919 emendantibus:

196 4083 220 4146 ⁸)
239 4078 294 4151 [Ex
311 4079 482 4135 Addendis
501 4099 528 4150 p.
547 4094 675 4135 cccxxv:
697 4079 785 4135 ‘udde
804 4078 950 4135 &iustius
970 4079 1015 4147 IV,
1037 4088 1060 4148 1,
1080 4088 1105 4151 7,
1124 4080 1154 4136 in
1173 4098 1228 4150 quo

134 4153 179 4228 ⁰180
194 4169 264 4223 dedit
283 4169 431 4240 corripitur
449 4173 514 4223 ante
532 4171 617 4224 dono:

334 4278 426 4332 Lened
445 4275 547 4346 uiginti
565 4278 644 4329 mnes
663 4276 736 4332 dono
756 4278 865 4345 urgenti
884 4276 973 4331 dedit:

134 4380 218 4436 sonim
236 4383 320 4454 plone
341 4400 396 4439 non
415 4382 512 4438 dubito
531 4383 599 4473 quin
617 4383 856 4453 transponendum
876 4384 947 4455 sit']

179 4468 217 4540 ”)
235 4472 290 4544 [Cf.
309 4472 411 4544 Opusc.
429 4472 498 4543 phil.
518 4472 543 4527 ΙΙ
562 4491 589 4542 p.
609 4472 682 4542 tte]
