2836 5034
168 304 233 367 508
457 314 723 363 rnonnoouunn
748 313 795 360 nn
820 311 1032 361 nurronmvs

169 461 350 526 Fatendum
379 461 428 536 est
455 462 565 522 tamen
583 457 683 538 *ultra
711 477 920 541 progressam
950 477 1021 520 esse
1045 455 1123 521 artis
1143 456 1243 540 indulge

168 569 249 632 tiam
279 570 312 632 et
339 565 508 650 aliquanto
539 565 612 649 plus
640 564 804 629 libertatis
834 563 970 628 senariis
997 585 1096 649 quam
1122 569 1243 649 septenas

169 676 204 740 in
227 663 362 739 caesiira
390 674 458 738 sive
480 672 684 758 neglegenda
707 672 776 736 sive
799 672 1004 737 obscuranda
1026 671 1216 737 concessisse.

171 786 350 846 extremam
379 781 509 865 quidem
537 780 702 845 licentiam
725 780 880 864 nulloque
904 801 1039 864 prorsus
1062 783 1243 863 temperans

170 889 306 954 lenitam
330 911 369 952 ea
391 886 527 952 libertas
550 889 583 952 in
606 891 723 952 neutro
747 909 864 972 genere
884 887 997 952 vertit:
1021 908 1088 952 non
1107 886 1205 970 magis
1220 908 1243 950 er

171 1018 269 1080 quam
292 995 393 1058 talem
418 993 637 1077 septenarium

12 1159 170 1200 ecnxxmv
261 1137 333 1202 Neu
366 1136 421 1220 qui
453 1158 521 1200 rem
554 1136 660 1220 ipsam
692 1138 805 1219 pdsset
834 1135 1074 1220 demonstrare,
1108 1136 1243 1201 thensaur

1025 1248 1134 1327 tuum,

172 1386 293 1450 similes
325 1408 476 1470 umquam
508 1386 652 1452 senarios
685 1408 739 1453 ars
772 1386 939 1471 toleravit,
971 1388 1085 1472 quales
1118 1387 1219 1452 futuri

172 1493 227 1576 qui
250 1492 392 1558 librariis
416 1493 585 1578 debentur,
607 1516 673 1558 non
696 1499 824 1578 poetae:

263 1636 308 1700 nt
331 1641 368 1700 ut
391 1635 589 1702 confidenter
613 1635 692 1700 mihi
716 1639 830 1701 contra
854 1636 974 1701 astitit:

261 1740 385 1807 Erilem
408 1743 510 1807 filiam
534 1748 680 1809 nostram
705 1744 891 1840 sustdllere:

262 1850 425 1926 Quoniam
449 1872 483 1913 re
506 1850 587 1915 bene
611 1850 747 1936 gestd*)
770 1851 892 1915 redisse
916 1853 967 1915 me
991 1851 1118 1915 uident:

173 1990 280 2077 (Capt.
303 1991 363 2076 ΙΙΙ,
387 1993 417 2078 5,
440 1995 469 2058 6.
507 1992 586 2058 cisa
610 1991 651 2075 II,
674 1993 705 2076 3,
723 1994 753 2058 8.
786 1991 889 2057 Stichi
912 1992 1018 2077 111,1,
1041 1991 1103 2075 10).
1138 1993 1227 2070 Quos

173 2096 224 2161 vel
249 2120 350 2181 prava
373 2099 563 2183 oxytonesis
587 2099 727 2182 damnet,
751 2098 849 2162 etiam
874 2098 943 2162 sine
967 2105 1121 2163 accentus
1148 2101 1243 2165 offena

173 2208 283 2270 tamen
306 2205 443 2269 vitiosus
468 2208 539 2269 erat
562 2203 760 2270 Bacchidum
784 2226 896 2270 versus
920 2205 1105 2287 mamam:

262 2347 406 2422 Quamne
431 2329 716 2412 Archidemidem?
763 2348 867 2425 Quam
891 2347 1023 2431 inquam
1048 2347 1243 2414 Archidemi

173 2490 351 2553 rectissime
379 2490 407 2553 is
437 2491 476 2559 ab
501 2490 690 2555 Hermanno
719 2491 927 2555 emaculatus.
971 2490 1095 2556 Verum
1128 2491 1191 2557 hoc
1217 2496 1243 2555 la

172 2597 258 2659 inter
290 2598 435 2661 senarios
470 2600 734 2680 septenariosque
769 2597 917 2681 interest,
950 2597 1051 2681 qnod,
1086 2621 1163 2662 cum
1197 2601 1230 2662 in

174 2704 367 2768 sententiam
392 2704 571 2767 terminans
597 2726 657 2767 vox
682 2704 909 2787 monosyllaba
933 2704 1121 2787 proximum
1148 2710 1225 2788 post

172 2813 287 2875 limam
311 2835 476 2876 caesuram
500 2813 607 2875 locum
632 2834 788 2894 occupa-re
812 2816 982 2895 propterea
1005 2817 1120 2894 posset
1145 2813 1231 2895 quod

172 2919 277 3000 ipsum
303 2920 337 2983 in
361 2920 468 2983 locum
493 2919 614 2982 vicaria
638 2940 770 2983 caesura
793 2918 915 3000 incidit,
939 2942 964 2982 e,
988 2941 1013 2982 c.

262 3059 338 3125 Scin
367 3066 402 3125 tu
431 3061 523 3126 illum
552 3083 616 3144 quo
645 3062 760 3143 genere
790 3065 907 3145 gnatus
937 3059 1003 3125 sn?
1051 3060 1145 3144 Scio,
1177 3063 1243 3146 adp]

1025 3169 1143 3251 probo,

172 3309 374 3372 consimilem
399 3332 510 3373 vocem
541 3311 801 3394 monosyllabam
827 3311 924 3374 etiam
950 3311 1121 3393 {ereximus
1146 3312 1243 3396 posti

172 3416 285 3480 timum
307 3417 569 3501 semiquinariam
590 3418 680 3482 locus
700 3419 822 3500 recepit
841 3419 988 3501 quamvis
1010 3417 1153 3483 vicariae
1173 3439 1243 3482 caes

172 3525 410 3588 excusationem
449 3548 515 3590 non
553 3525 685 3589 habens.
739 3524 783 3588 Et
821 3523 977 3608 quaedam
1017 3546 1097 3587 sane
1136 3525 1243 3588 huiusn

171 3733 234 3768 nem
255 3717 356 3772 imiter.
387 3719 416 3771 ln
437 3719 541 3772 talibus
562 3720 655 3772 antem
675 3718 816 3772 sciendum
838 3720 880 3771 eat
901 3734 967 3786 prae
982 3717 1085 3771 ultima
1100 3716 1243 3787 praeponde

172 3805 444 3874 semiseptenariam,
470 3825 536 3876 prae
557 3808 609 3861 hae
629 3807 871 3875 semiquinariam‚
897 3806 939 3861 ila
957 3806 1072 3875 quidem
1095 3811 1141 3874 ut,
1170 3824 1235 3876 quae

171 3893 257 3947 riorie
276 3912 406 3949 caesurae
430 3897 552 3965 pondere
577 3897 714 3963 elevetur,
739 3897 774 3951 ad
795 3895 911 3965 podieae
931 3895 1120 3964 exiguitatem
1142 3896 1243 3965 deprim

171 3981 232 4034 Nisi
251 3983 325 4048 quod
345 3987 458 4051 propter
477 3984 637 4054 insignioris
657 3984 712 4037 vim
733 3980 967 4054 interpunctionis
987 3984 1223 4055 semiseptenaria
1239 4002 1243 4052 1

172 4071 248 4124 valet
266 4090 290 4123 v.
314 4078 371 4125 195.
395 4079 452 4128 182.
473 4081 537 4127 5⁶27:

332 4179 405 4233 Istuc
424 4181 552 4234 uolebam
574 4184 652 4236 scire.
681 4181 690 4235 i
711 4198 777 4235 sane
797 4181 952 4235 nunciam.

331 4269 376 4322 llll
395 4268 500 4322 redemi
519 4273 627 4336 nisum,
647 4288 665 4324 a
683 4287 728 4325 me
747 4272 893 4340 argentum
912 4268 985 4324 dedi.

331 4357 490 4411 Consuadet
507 4357 629 4424 homini,
649 4359 739 4413 credo.
769 4358 821 4412 elsi
843 4358 976 4413 scelestus
997 4361 1049 4414 est.

260 4446 284 4513 *)
304 4446 398 4516 [nane
417 4459 512 4500 cersrn
531 4460 571 4499 aa:
590 4448 638 4517 A]
