2886 5032
145 314 210 379 668
525 322 762 371 circumsona
785 322 914 370 aaran

147 474 375 537 litterarum
407 468 560 533 libertate
592 465 765 531 coniuncta
798 468 861 550 est,
893 466 1093 550 conspicitur
1123 465 1255 531 suumin

147 581 250 645 libera
281 577 414 661 optione
443 574 674 658 magistrorum
703 571 760 657 qui
789 572 823 636 in
851 593 974 637 vacuas
999 572 1167 638 cathedras
1189 572 1257 636 maio

147 708 219 751 rum
244 687 352 749 aetate
374 683 415 747 ab
440 681 521 766 ipsis
545 679 814 745 universitatibus
839 679 888 743 vel
918 678 1059 764 singulis
1082 701 1185 745 carum
1201 677 1257 743 ordi·
1298 756 1300 781 Ι

148 790 243 855 nibus
266 788 520 854 asciscebantur:
544 808 705 851 unacum
728 785 798 850 iure
817 785 1040 851 intercedendi
1058 785 1258 868 recusantique,

149 898 177 962 si
206 897 261 981 qui
290 896 412 960 invitae
440 893 646 959 universitati
673 892 930 959 obtruderentur.
978 893 1041 960 Sed
1064 894 1126 960 hoo
1146 892 1259 977 attigisse

151 1004 232 1069 satis
255 1002 370 1086 habeo,
393 986 507 1086 utpote
529 1000 618 1065 haud
641 1021 776 1064 vacuum
800 998 934 1066 invidia:
957 1004 1065 1066 restat
1082 1000 1165 1065 enim
1181 996 1260 1062 inboc

150 1130 281 1195 genere,
304 1108 390 1193 quod
414 1107 455 1173 ad
479 1105 730 1172 administrandi
753 1107 824 1171 iura
847 1107 1001 1191 pertinet,
1028 1107 1126 1192 longe
1153 1104 1260 1171 omnim

150 1216 382 1302 gravissimum
405 1215 502 1301 idque
525 1216 640 1279 nostra
662 1213 826 1279 sententia
843 1236 955 1279 revera
973 1214 1070 1279 triste
1088 1218 1123 1279 ct
1139 1214 1261 1280 acerbum

150 1322 282 1387 Etenim
315 1322 370 1406 qui
402 1326 571 1406 tamquam
602 1320 693 1386 nervi
727 1325 803 1386 sunt
834 1325 868 1386 et
893 1320 1017 1385 radices
1046 1320 1115 1385 eiua
1143 1317 1265 1404 corporis,

154 1428 240 1513 quod
260 1427 402 1493 civitatis
420 1429 551 1494 nomine
575 1427 786 1512 appellamus,
810 1427 938 1492 eosdem
957 1432 1096 1511 apparet
1111 1449 1175 1493 non
1191 1425 1262 1490 minc

154 1535 198 1599 ris
222 1535 378 1599 momenti
398 1556 494 1618 posse
519 1534 559 1598 ad
582 1538 732 1619 vegetam
754 1533 857 1598 vitam
882 1555 993 1599 aarum
1017 1533 1264 1600 communitatinn

156 1661 235 1724 esse,
258 1662 340 1725 quae
363 1663 436 1706 eum
460 1642 602 1707 maxima
629 1640 689 1706 illa
716 1641 870 1706 societate
893 1640 1038 1705 humana
1060 1642 1166 1726 ipsum
1187 1656 1265 1720 corpe

154 1768 225 1810 rum
248 1769 368 1812 nomen
391 1748 600 1833 participant.
637 1746 789 1833 Cogitate
813 1768 864 1811 me
888 1747 1081 1830 intellegitis
1105 1747 1143 1812 de
1165 1741 1264 1810 aerinis

154 1851 347 1936 rationibus,
370 1876 451 1939 quos
475 1877 592 1919 nervos
615 1876 686 1919 esse
708 1876 817 1919 rerum
841 1853 1055 1940 gerendarum
1074 1853 1182 1918 dicunt
1196 1847 1264 1915 veris

154 1957 245 2021 sime.
288 1958 355 2024 Eas
383 1961 439 2044 qui
467 1983 487 2025 a
514 1961 596 2027 bene
624 1964 804 2047 temperata
830 1961 877 2024 rei
904 1959 1055 2046 publicae
1082 1965 1168 2024 reete
1193 1957 1264 2022 send

154 2065 364 2149 gubernantis
402 2067 684 2134 administratione
723 2067 891 2152 seiungere
927 2066 1096 2151 instituat,
1131 2087 1170 2130 ne
1201 2063 1264 2129 illua

154 2170 251 2236 risuri
275 2173 375 2239 simus
399 2178 433 2239 et
456 2175 595 2258 ineptire
619 2174 786 2240 credituri:
816 2178 849 2238 et
878 2177 988 2239 tamen
1012 2196 1032 2238 a
1056 2174 1173 2238 summi
1192 2164 1263 2252 aad

154 2281 276 2345 stratus
308 2280 483 2346 academici
514 2279 630 2345 officiis
661 2280 702 2345 ad
732 2279 1023 2345 administrandam
1055 2279 1263 2344 universitatem

158 2386 380 2470 spectantibus
401 2389 480 2454 adeo
501 2391 674 2474 segregata
691 2409 776 2453 nunc
794 2391 845 2453 est
863 2387 1037 2453 academici
1057 2386 1197 2452 aerarii
1214 2397 1263 2448 cun

156 2494 373 2578 quaelibet,
402 2499 528 2560 utnon
550 2495 646 2560 modo
670 2493 839 2559 consulere
871 2496 929 2558 aut
959 2493 1145 2578 decernere,
1173 2490 1218 2558 scd
1237 2504 1263 2551 nt

156 2600 239 2665 scire
263 2601 394 2685 quidem
417 2601 589 2686 quicquam
614 2623 652 2667 eo
675 2602 709 2666 in
732 2622 850 2686 genere
873 2622 911 2665 ac
936 2600 993 2665 vel
1013 2600 1115 2666 tacito
1140 2601 1201 2667 sive
1214 2614 1263 2681 pru

153 2706 233 2771 bare
269 2708 336 2771 sive
363 2708 548 2791 improbare
576 2707 702 2772 licitum
726 2709 782 2792 sit,
809 2729 920 2771 verum
948 2706 1143 2772 densissima
1167 2719 1261 2770 arcane

153 2836 224 2877 rum
248 2815 386 2899 caligine
415 2814 454 2878 iis
482 2813 577 2898 ipsiu,
606 2835 742 2898 quorum
772 2814 909 2877 maxime
937 2814 1073 2877 interest
1102 2836 1165 2878 non
1187 2825 1260 2877 caeru·

153 2922 225 3004 tire,
258 2922 366 2985 omnia
390 2922 545 2986 obvoluta
573 2920 638 2986 sint
666 2926 699 2985 et
727 2921 834 2985 dedita
864 2942 963 3004 opera
994 2920 1163 2986 occultata.
1203 2914 1260 2989 Quae

153 3051 250 3111 quam
273 3050 340 3092 non
364 3028 516 3092 salutaris
540 3027 685 3092 condicio
709 3028 761 3110 sit,
784 3049 848 3091 non
871 3027 992 3111 poterit
1014 3049 1081 3092 non
1105 3026 1261 3106 intellegere

153 3136 218 3217 qui,
232 3139 389 3218 quantum
408 3136 459 3217 sit,
476 3125 561 3218 quod
578 3156 616 3197 ex
640 3133 711 3199 illo
730 3135 937 3219 potissimum
952 3133 1043 3199 fonte
1064 3135 1099 3198 in
1116 3134 1184 3218 ipsa
1196 3117 1261 3194 cuimi

153 3241 247 3323 bona,
271 3241 337 3303 vim
360 3240 535 3324 doctrinae,
553 3241 736 3306 litterarum
759 3241 936 3324 commoda,
958 3240 1117 3306 redundet
1136 3230 1263 3305 utilitatis,

153 3347 237 3431 apud
254 3369 287 3411 se
303 3348 515 3430 reputaverit:
530 3347 592 3413 hoc
607 3348 703 3413 estin
718 3370 755 3412 ea
771 3349 864 3431 bona,
874 3348 992 3431 quibus
1007 3348 1160 3431 tutandis,
1176 3346 1262 3410 susar-
1297 3360 1300 3369 ·

152 3453 270 3535 tundis,
285 3455 439 3535 augendis
451 3455 595 3519 eiusdem
609 3455 694 3518 illius
708 3455 918 3538 magistratus
931 3454 1108 3519 academici
1123 3457 1207 3519 entra
1218 3463 1264 3512 ceu·

153 3560 345 3624 troversiam
361 3561 524 3626 destinata
538 3565 613 3626 sunt
633 3561 746 3626 officia.
770 3561 920 3626 Breviter
938 3565 972 3625 et
989 3563 1177 3627 summatim
1190 3552 1264 3621 declr

153 3666 229 3749 ravi,
249 3689 304 3730 cur
324 3667 434 3751 paullo
454 3668 733 3752 magnificentiora
747 3705 789 3714 -
805 3673 842 3732 ut
856 3667 897 3732 ab
912 3667 1006 3732 initio
1022 3668 1264 3753 significaban‘

153 3772 273 3836 abhoc
298 3796 429 3839 munere
453 3779 486 3839 et
507 3775 596 3859 posci
620 3778 653 3838 et
676 3775 857 3858 exspectari
879 3773 959 3838 mihi
983 3775 1177 3858 viderentur,
1198 3784 1267 3858 quem

152 3879 269 3963 quibus
289 3883 377 3946 omni
397 3904 433 3945 ex
453 3885 545 3964 parte
565 3882 730 3965 explendis
750 3881 925 3947 hodiernae
940 3881 1141 3948 condicionis
1156 3878 1268 3946 tenuitas

152 4010 212 4071 par
238 3991 331 4052 esset.
375 3987 480 4074 Igitur
509 3989 586 4053 dum
618 3990 753 4054 laetiora
781 4011 963 4073 speramus,
991 3993 1029 4053 ut
1054 4011 1139 4054 nunc
1162 4011 1208 4053 res
1230 3986 1270 4057 est

153 4095 272 4159 rectius
297 4095 476 4159 voluntas
505 4095 691 4178 spondetur,
721 4118 818 4181 quam
846 4095 1024 4161 facinora
1051 4097 1270 4181 promittuntur:

153 4201 207 4264 sed
232 4223 386 4283 operam
411 4224 462 4264 me
486 4201 647 4284 daturum,
670 4206 707 4266 ut
730 4203 951 4267 universitatis
972 4203 1153 4285 commoda,
1170 4197 1272 4287 patriae

153 4307 255 4388 salus,
288 4308 468 4370 litterarum
498 4308 557 4371 llos
587 4314 782 4393 augerentur
814 4312 847 4373 et
879 4309 1167 4392 amplificarentur,
1198 4306 1224 4371 id
1250 4304 1272 4362 el

153 4413 245 4495 potui
266 4414 358 4478 salva
378 4413 437 4477 fide
457 4414 604 4478 adiurare
620 4420 653 4480 et
667 4417 756 4480 omni
770 4415 1009 4481 asseveratione
1025 4417 1143 4482 iterum
1161 4414 1274 4481 affirmo·
