2836 5034
143 303 185 366 84
457 319 539 365 vum
562 317 710 365 u‘unuan
733 315 796 364 sus
819 313 985 365 uocaui.

139 460 293 529 Aspeotum
311 457 414 513 metuit
431 458 520 514 vitam
538 457 598 513 sine
617 456 733 513 crimine
752 454 872 527 egentis,

212 547 252 602 Vt
269 547 370 618 glauca
388 547 475 603 solem
493 550 604 602 noctua.

143 636 244 692 Talem
262 637 354 705 (crede
374 635 456 706 mihi)
475 654 538 691 cum
556 639 589 691 tu
607 634 718 706 patiare
736 635 873 705 ferasque,

212 726 279 781 Sum
298 744 397 797 passus
415 725 477 796 ipse
496 727 525 780 et
542 742 615 780 nunc
633 723 702 781 fero.

141 816 221 881 Quod
241 815 265 870 si
282 815 460 885 perstiterint
477 832 532 870 non
551 813 678 869 desinere
696 830 757 870 esse
776 812 897 881 molesti,

211 905 365 974 Vtrumque
385 903 600 960 nominabimus.

139 994 247 1048 Ardent
264 992 380 1061 interea,
400 996 537 1063 quantum
556 993 641 1062 volet,
662 993 762 1048 ardeat
780 994 810 1047 et
828 1009 857 1047 se

211 1082 312 1139 Litore
330 1081 408 1138 inani
426 1084 570 1152 torqueat:

141 1172 200 1227 Nos
218 1171 355 1226 alimenta
372 1170 433 1242 igni
452 1171 580 1227 dabimus
599 1168 749 1226 virtutibus
767 1168 839 1239 istis,

213 1261 271 1316 Nos
290 1259 384 1331 gratia
402 1278 520 1330 quarum
540 1259 614 1331 fugit

142 1349 268 1418 Cumque
286 1350 371 1420 leget,
389 1349 413 1404 si
431 1350 504 1405 forte
522 1350 599 1420 leget
617 1366 688 1419 quae
708 1346 856 1403 scribimus
875 1364 1014 1416 nuquam,

213 1439 297 1494 Sacro
316 1439 425 1509 puellae
444 1438 556 1510 pectine

139 1527 267 1598 Aspiciet
285 1532 397 1583 nostrae
415 1526 481 1583 fidei
499 1528 668 1583 documenta
687 1525 818 1594 vicissim,

213 1617 372 1686 Suspendet
390 1620 418 1672 et
437 1633 465 1672 se
485 1616 612 1672 forsitan.

142 1705 184 1760 Tu
202 1704 281 1775 prior
299 1722 426 1761 occurres
445 1704 498 1759 illi‘
508 1705 739 1774 stomachumque
758 1702 884 1760 movebis

213 1793 409 1850 Proeliminari
427 1795 540 1865 pagina.

141 1883 203 1937 Huc
222 1899 332 1952 quoque
351 1882 483 1953 respiciet
501 1886 563 1953 (nec
582 1883 656 1938 enim
675 1883 752 1954 leget
771 1880 874 1951 omnia)
894 1880 967 1936 livor

213 1972 367 2042 Vitumqne
384 1990 478 2027 rursus
495 1973 630 2044 perleget.

142 2061 221 2116 Eheu
239 2079 309 2132 quos
327 2061 450 2133 gemitus
469 2062 548 2117 dabis
567 2060 623 2129 hic,
640 2059 827 2117 moestissima
846 2060 933 2127 livor,

213 2149 284 2204 Tem
302 2150 382 2205 firmo
401 2167 495 2206 amore
513 2148 635 2205 territus.

143 2237 218 2304 Quin
236 2256 290 2310 age
307 2256 342 2293 ne
361 2240 436 2310 garri
455 2243 565 2295 contre:
583 2256 639 2294 neu
658 2238 761 2309 perfide
775 2238 871 2307 latres,

214 2327 251 2383 Ni
269 2327 412 2398 perditum
426 2327 462 2382 iri
479 2331 508 2384 te
527 2328 612 2383 voles.

143 2418 181 2473 At
198 2419 238 2487 tu,
257 2417 416 2488 quicunque
435 2434 464 2472 es
483 2418 572 2473 lector
589 2415 648 2471 sine
667 2417 731 2472 labo
750 2415 869 2485 futurus,

214 2507 329 2577 Ignosce
348 2505 416 2561 Vito
435 2523 468 2560 ac
487 2506 577 2561 Helio.

142 2594 193 2650 Est
211 2612 280 2667 opus
300 2596 399 2652 audaci
418 2613 528 2651 muscas
547 2612 639 2650 arcere
659 2594 772 2666 flagello
791 2594 914 2663 (flabello
933 2594 1000 2648 Her.
1022 2597 1119 2663 epist),

213 2684 256 2739 Ne
275 2701 358 2755 saepe
376 2687 505 2756 pungunt
522 2683 623 2752 libere;

143 2773 327 2841 irrequietum
346 2775 451 2830 animal
469 2778 560 2830 rostro
579 2774 723 2830 mordente
743 2772 899 2828 timendum

214 2861 346 2917 Facessat
363 2862 393 2916 iu
410 2881 469 2918 rem
488 2863 647 2933 pessimam.

144 2952 182 3004 At
200 2952 231 3004 tn
249 2955 407 3006 nostrorum
427 2952 511 3007 studii
531 2952 661 3022 vitaeque
681 2951 785 3007 sodalis

216 3039 276 3104 Quo
294 3040 341 3094 vir
359 3039 450 3111 megia
468 3043 618 3112 quicquam
636 3041 737 3111 placet.
816 3085 820 3093 .

144 3129 186 3183 Ne
205 3129 311 3198 doleas,
330 3127 400 3184 site
420 3130 510 3185 malus
529 3130 681 3186 insectatur
699 3134 728 3186 et
746 3129 832 3184 audet

215 3216 315 3272 Livore
335 3216 450 3288 dignum
470 3218 595 3284 credere3

41 3365 43 3369 ,
144 3307 234 3362 Causa
252 3310 301 3360 tua
319 3310 361 3362 est
380 3305 478 3379 virtus,
496 3324 638 3376 nunquam
658 3309 736 3362 caret
754 3306 805 3361 ilia
823 3305 964 3377 malignis,

216 3396 269 3461 Qui
287 3395 445 3466 detrahant,
464 3397 603 3451 osoribus:

145 3484 226 3552 Quin,
246 3501 307 3555 age,
326 3483 422 3539 deride
442 3488 596 3554 coeptoque
615 3483 712 3538 insiste
731 3483 834 3538 labori:

216 3573 305 3627 Codro
325 3573 478 3643 crepabunt
497 3573 555 3627 llia.
