2836 5034
159 324 223 390 388
446 335 711 385 raounoouaus
733 333 781 380 nn
804 329 1021 380 armorumve

248 478 467 546 Vere‘oundari
488 480 652 544 neminem
674 478 760 561 apud
780 475 928 541 mensam
951 473 1053 539 decet.

249 589 335 666 Quin
357 586 411 653 hio
433 588 556 670 quidem
578 586 669 670 cripit
690 585 783 652 illum
805 583 847 648 ab
872 604 907 647 se
930 580 1146 646 abalientrier.

250 694 360 761 Mtum
388 703 524 780 gnatum
552 693 606 758 hio
632 692 756 774 qualem
778 688 996 756 Lesbonicum
1023 687 1176 773 quatrite

910 801 985 861 crim
1007 816 1121 860 meum

250 910 291 975 Di
307 908 519 990 immortales,
533 906 669 972 basilica
681 905 735 970 hio
748 904 871 987 qrrrklem
884 902 1035 968 facinora
1048 901 1176 985 inceptii

249 1014 340 1080 Meus
365 1017 415 1080 est
440 1012 494 1077 hic
516 1014 639 1094 quidem
663 1009 823 1076 Stasimus
847 1030 970 1074 seruos.
1015 1007 1101 1074 Nam
1122 1009 1176 1093 rigo

907 1120 978 1181 tum
1002 1118 1158 1180 mutuom:

160 1226 289 1311 quando
312 1226 429 1291 horum
456 1247 608 1290 versuum
637 1224 743 1309 primo
770 1224 877 1306 nimpe
903 1223 991 1305 opud
1015 1226 1125 1307 potest
1151 1243 1176 1305 pr

160 1337 274 1415 paesto
305 1355 387 1417 esse,
417 1332 520 1398 altero
550 1331 751 1416 bisyllabum
779 1352 849 1395 esse
876 1331 1046 1412 neminem,
1073 1329 1107 1393 id
1129 1351 1176 1412 qur

162 1437 346 1503 Bentleium
370 1440 404 1503 in
427 1439 510 1503 Eun.
533 1436 597 1520 111,
620 1439 651 1521 2,
675 1438 692 1501 7
718 1440 752 1501 et
774 1436 853 1502 Heu.
876 1435 935 1520 Ill,
961 1432 988 1521 l,
1014 1437 1031 1500 1
1056 1456 1150 1500 nemo
1170 1435 1176 1498 i

161 1545 291 1629 reliquis
316 1551 500 1630 correptum
524 1566 594 1610 esse
617 1543 666 1608 hic
693 1547 769 1608 ante
791 1563 841 1625 qu.
887 1541 950 1608 Sed
973 1563 1033 1606 neo
1056 1542 1176 1625 ambigi

161 1651 328 1734 superiora
357 1652 429 1735 illa,
462 1655 495 1716 et
524 1672 628 1735 pauca
657 1671 674 1714 e
705 1648 923 1714 consimilium
951 1670 1010 1733 per
1038 1668 1151 1711 omnes

162 1756 377 1823 multitudine.
423 1757 556 1843 Ergone
580 1760 728 1842 correpta
751 1779 821 1822 esse
844 1761 897 1839 mt,
927 1776 988 1839 mp,
1016 1776 1077 1837 mv,
1105 1759 1145 1837 tp,
1173 1776 1176 1817 ι

161 1882 211 1925 mr
232 1864 442 1946 putabimus?
478 1864 629 1930 Profecto
652 1864 715 1929 hoc
739 1865 766 1929 si
789 1863 892 1947 licuit,
914 1862 998 1927 nihil
1020 1883 1089 1926 non
1111 1861 1176 1925 lice'

162 1968 266 2033 bellus
295 1972 599 2053 proceleusmaticus
627 1971 719 2036 illum
745 1990 834 2052 prosu
855 1968 966 2033 habuit
987 1968 1175 2034 sollicitand

161 2097 221 2140 nec
248 2098 364 2161 operae
391 2078 531 2162 pretium
559 2077 659 2143 fuerit
687 2077 818 2142 omnino
852 2076 892 2141 ad
925 2075 1073 2160 aliquam
1102 2077 1176 2139 arte:

162 2181 338 2247 dandorum
368 2205 518 2248 versuum
548 2181 768 2268 indagandam
799 2182 851 2246 vol
882 2180 1052 2246 tantillum
1083 2180 1176 2245 labor

161 2288 252 2353 ferre.
290 2289 336 2353 At
354 2312 410 2355 cur
427 2313 494 2356 non
513 2290 576 2354 sibi
594 2290 721 2355 licitum
740 2294 867 2355 veteres
885 2292 1001 2373 poetae
1024 2290 1176 2372 putarunt

161 2396 365 2478 correptione
388 2395 534 2459 velutin
556 2396 668 2459 eodm
691 2400 768 2471 tacet
788 2395 838 2460 uti
861 2395 912 2460 vel
935 2394 969 2460 in
991 2395 1069 2459 adm
1089 2395 1162 2478 pol,

160 2502 278 2575 eruum,
306 2506 366 2565 erit
386 2507 486 2584 proter,
515 2501 606 2565 liubit
626 2521 682 2583 ricc,
705 2501 809 2565 arctim
831 2522 954 2585 measse,
977 2502 1087 2565 uirum
1110 2501 1176 2565 resi

162 2608 278 2672 clarius
309 2614 359 2673 est
389 2609 571 2673 mehercule
602 2607 635 2670 in
665 2608 745 2691 ipsis
777 2608 943 2673 vocabulis
976 2607 1042 2672 illis
1077 2607 1176 2690 aliqui

162 2713 244 2776 unde
277 2736 391 2792 caussa
424 2714 639 2797 correptionis
672 2715 847 2797 repetenda
880 2715 932 2778 sit
977 2712 1069 2789 Quod
1103 2719 1174 2777 tam

163 2842 256 2902 posse
285 2823 319 2886 in
347 2824 491 2886 finalium
520 2824 639 2885 natura
667 2821 916 2886 consonantium
947 2821 1091 2903 positum
1123 2844 1174 2885 ess

161 2925 389 2990 dissimilitudo
417 2950 448 2991 m
472 2931 505 2990 ot
527 2930 549 2991 d
571 2928 755 2992 litterarum
779 2929 885 3008 docet,
916 2931 987 2992 tum
1010 2927 1152 2992 aliorum

161 3031 235 3094 duur
259 3035 478 3116 exemplorum
502 3035 702 3117 comparatio
725 3034 912 3118 persuadet,
940 3056 1005 3119 qua
1029 3057 1067 3100 eo
1092 3035 1176 3100 duci]

162 3137 316 3201 socianda
344 3160 412 3202 esse
441 3162 569 3224 unoque
597 3162 714 3225 genere
745 3140 1049 3225 comprehendenda
1072 3142 1176 3207 intell<

162 3266 242 3325 quae
269 3266 328 3309 nec
357 3246 469 3330 ignota
497 3247 596 3331 vulgo
625 3251 658 3310 et
686 3268 724 3311 ex
753 3252 846 3331 parte
869 3269 910 3311 ne
934 3247 1087 3313 dubitata
1111 3249 1176 3333 qui<

162 3351 264 3413 versis
293 3356 402 3416 tamen
431 3354 603 3437 generibus
628 3354 824 3417 tribuerunt
868 3353 922 3417 An
944 3354 1018 3438 quis
1041 3377 1110 3420 non
1134 3356 1176 3418 ali

162 3459 229 3518 turn
254 3465 469 3523 consonantes
492 3461 606 3524 finales
626 3461 800 3545 quaslibet,
823 3460 1054 3525 verumetiam
1073 3484 1148 3526 cum
1167 3462 1176 3524 l

161 3560 288 3625 iunctus
312 3566 447 3645 vocales
470 3587 536 3629 non
560 3567 633 3630 illas
657 3568 771 3632 breves
795 3566 888 3631 utin
911 3567 1008 3630 euim
1032 3570 1133 3650 apud
1153 3590 1171 3649 q

162 3665 217 3727 sud
242 3671 356 3731 nutura
379 3672 493 3754 longas
517 3673 635 3755 corripi
659 3674 804 3756 potuisse
828 3673 891 3738 sibi
915 3673 1148 3758 persuadebit?

162 3772 251 3834 velut
272 3775 371 3852 unta
395 3779 538 3859 potuisse
563 3802 590 3841 v.
615 3780 693 3843 368:

58 3900 144 3941 uxum
253 3877 348 3945 toros
382 3884 522 3964 pultabo.
579 3885 630 3948 Ad
663 3888 793 3949 nostras
831 3887 920 3950 aedis
957 3885 1011 3951 hio
1044 3888 1167 3972 quidem

800 3993 921 4055 reotsim
946 3994 1034 4057 uiam
1059 3994 1123 4056 —?

164 4085 221 4149 l'cl
246 4095 462 4157 rurrrsotirurn
487 4117 599 4160 orionus
627 4096 828 4179 pluralemve
852 4099 1087 4163 nominativum
1110 4097 1176 4161 Bac<

161 4192 191 4257 3.
216 4194 265 4256 id.
290 4195 357 4260 llil.
380 4198 421 4267 11,
444 4201 474 4282 3,
497 4204 553 4265 54:

252 4298 365 4364 lirinus
385 4305 468 4368 ferat
483 4308 522 4371 ad
542 4308 698 4392 papillas,
717 4334 878 4396 nusquam
897 4313 917 4376 ri
936 4313 1038 4378 labris
1058 4313 1173 4377 labraa

161 4403 243 4481 reiro
268 4414 476 4490 truusluurerc
500 4415 544 4477 sic
570 4421 728 4497 praestat:
