2836 5034
172 310 237 374 406
462 322 724 372 ruocueouaus
748 322 795 370 nn
820 320 1029 370 annuerimus

173 468 291 534 aetatis
316 490 376 531 usu
398 466 537 551 probata
555 468 627 551 ipsa
646 465 810 531 scribendi
827 464 933 529 forma
951 463 1183 549 exprimeretur,

173 575 280 640 minus
305 573 458 640 credibile
481 575 583 639 videri
607 574 762 639 debuerat
785 572 871 638 binis
896 571 1033 656 syllabis
1056 571 1097 637 ab
1116 571 1168 636 illo

174 688 207 747 et
237 683 315 764 filiis
347 681 436 746 elata
468 702 547 746 esse.
598 678 750 746 Ceterum
782 701 849 746 non
880 697 1062 763 repugnare
1095 680 1183 764 genet

173 810 247 853 vere
270 791 512 853 contractorum
536 787 697 870 exempla,
730 789 766 851 ut
789 785 943 851 eluentem
964 806 1024 869 pro
1047 785 1183 851 otuostim

174 894 231 979 IV,
245 895 275 979 2,
290 896 320 979 6,
343 893 449 979 quivis
473 892 636 978 perspicit,
659 892 722 956 nisi
746 891 801 976 qui
825 913 861 956 ex
886 913 933 975 eo,
956 891 1043 975 quod
1068 892 1165 958 etiam

175 1000 325 1084 genetivo
350 1004 383 1065 et
405 1000 495 1066 mm
517 998 655 1063 Plautus
679 1021 766 1083 usus,
788 997 961 1064 concludat
982 998 1165 1063 celatorum

175 1129 255 1172 rum
276 1107 398 1173 formas
422 1109 469 1172 ita
491 1106 772 1191 pronuntiatas
795 1126 864 1170 esse
888 1107 925 1170 ut
948 1108 1015 1169 tres
1038 1107 1166 1169 tantum

75 1236 161 1276 cuxu
176 1214 321 1298 syllabae
352 1214 547 1280 audirentur.
598 1212 802 1296 Quamquam
832 1212 859 1276 si
890 1211 1042 1276 volumus
1073 1233 1183 1276 verum

174 1342 240 1386 non
263 1319 350 1386 aliud
374 1343 451 1386 sane
474 1320 600 1386 faciunt
622 1319 677 1404 qui
701 1319 790 1384 velut
813 1319 936 1384 diuitiis
953 1318 985 1382 in
1002 1317 1095 1411 ,exitu
1114 1341 1183 1383 vers

176 1427 258 1491 bunt
280 1426 331 1491 vel
354 1428 484 1493 sciebam
511 1429 545 1492 in
568 1426 726 1511 principio
751 1425 915 1491 trochaici.
939 1424 1054 1490 -Vt
1078 1429 1183 1490 autem

177 1533 316 1597 minibus
346 1536 360 1598 i
387 1527 517 1600 litterae
549 1533 723 1617 syniaesim
754 1532 817 1597 sibi
847 1532 1013 1616 propriam
1037 1530 1183 1596 habetd

176 1639 340 1706 addendus
369 1643 482 1707 trium
510 1640 678 1725 genetivus
702 1639 789 1704 Trin.
813 1639 878 1705 848
905 1637 997 1724 (nam
1025 1639 1064 1703 de
1093 1640 1170 1703 lien-

175 1753 295 1814 roctus
324 1749 504 1814 rectissime
533 1771 636 1833 nuper
664 1746 870 1817 Hermannus
901 1745 1045 1830 statuit),
1078 1747 1126 1811 ita
1156 1747 1183 1810 in

176 1876 275 1938 prope
304 1878 405 1920 unum
432 1859 522 1922 scio:
554 1855 645 1920 cuius
668 1854 792 1919 formae
815 1852 999 1937 bisyllabae
1023 1874 1139 1918 omnes
1163 1876 1183 1917 n

176 1960 285 2026 labam
312 1962 624 2045 pronuntiationem,
658 1960 856 2044 bisyllabam
883 1960 1074 2044 trisyllabae
1105 1983 1182 2044 pass

176 2067 374 2150 saepissime.
420 2069 587 2134 Accedunt
615 2067 666 2132 his
694 2069 753 2134 oie
775 2070 832 2134 ait
854 2067 1094 2151 monosyllaba,
1126 2068 1183 2151 bisj

176 2174 299 2238 cibam
322 2197 393 2240 cum
418 2176 534 2241 ceteris
557 2171 755 2260 personis*),
777 2196 953 2259 numquam
977 2177 1089 2238 autem
1114 2175 1155 2239 ad
1175 2198 1183 2239 s

177 2279 284 2344 dinem
311 2282 372 2346 seio
400 2283 432 2344 et
458 2281 559 2345 sciunt
586 2279 763 2344 formarum
794 2279 892 2344 etiam
914 2280 966 2343 oro
990 2282 1023 2343 et
1045 2282 1139 2347 aieret
1161 2306 1183 2346 n

176 2386 262 2450 laba.
306 2386 432 2451 Horum
456 2390 564 2451 autem
587 2385 731 2451 omnium
760 2385 842 2450 nibil
867 2385 908 2450 ad
931 2390 1041 2452 cetera
1064 2390 1166 2455 verba

177 2492 414 2577 coniugationis
443 2493 597 2557 tralatum
627 2496 690 2575 est,
722 2514 780 2557 nec
808 2496 937 2576 praeter
959 2492 1183 2576 imperfectum

177 2601 270 2677 barri,
294 2600 328 2662 in
352 2622 415 2682 quc
435 2604 471 2662 ut
491 2599 523 2661 in
546 2599 683 2663 scibam
708 2599 863 2682 synizesis
883 2621 997 2663 novam
1020 2623 1158 2685 eamque
1178 2631 1183 2663 ι

177 2709 241 2768 tem
261 2704 400 2769 formam
419 2705 601 2788 procreavit
619 2705 691 2787 ipsa
710 2705 870 2788 scriptura
890 2727 1085 2789 expressam,
1104 2708 1183 2771 ulla]

178 2810 335 2893 bisyllaba
358 2813 487 2876 acidiam
510 2813 622 2875 audias
644 2812 755 2875 erudiet
775 2813 908 2876 crudiant
930 2812 1051 2876 habent
1076 2815 1126 2877 vel
1153 2820 1183 2878 tr

177 2919 344 2982 uiulioluus
366 2920 516 2996 erudiatis,
544 2940 602 2982 nee
626 2918 699 3001 plus
724 2918 798 2982 fidei
820 2919 937 2998 focium
961 2922 994 2981 et
1016 2921 1155 3001 occipias
1179 2951 1183 2980 ι

178 3024 269 3088 teris:
292 3024 409 3088 nedum
433 3031 469 3087 ut
493 3026 640 3090 nuntiabo
664 3030 696 3088 et
720 3025 840 3089 similia
864 3030 1031 3090 contracta
1056 3027 1131 3091 sint.
1178 3081 1183 3092 Α

178 3154 194 3195 e
219 3129 366 3214 Captivis
390 3129 447 3213 lll,
471 3132 544 3214 5,5

283 3273 368 3338 Nam
392 3276 518 3357 semper
541 3277 656 3337 occant
678 3271 768 3356 prius
792 3296 888 3359 quam
911 3273 1056 3338 sarriunt
1080 3279 1183 3340 rustic

176 3415 299 3479 nemini
330 3416 362 3478 in
393 3418 533 3478 mentem
563 3415 652 3478 venit
680 3417 780 3479 sarire
810 3415 933 3479 formae
961 3416 1103 3500 simplici
1135 3442 1153 3481 r
1178 3444 1183 3482 l

178 3542 259 3602 quae
278 3542 344 3584 non
363 3520 475 3585 dubito
496 3521 572 3603 quin
592 3521 687 3585 breve
700 3543 721 3584 o
739 3521 872 3585 habeat:
892 3523 975 3586 unde
994 3524 1183 3590 reddendus

176 3628 308 3691 surium.
332 3626 479 3690 Viderint
498 3627 599 3711 igitur
618 3649 714 3711 quam
739 3629 967 3693 convenienter
991 3632 1113 3696 rationi
1139 3655 1183 3717 ag

177 3757 250 3798 cum
279 3733 383 3796 tribus
412 3734 547 3817 syllabis
577 3757 596 3797 a
619 3734 734 3797 Plauto
764 3734 867 3799 dictos
896 3757 966 3800 esse
994 3737 1171 3803 verborum

178 3840 429 3923 compositorum
461 3839 683 3905 coniunctivos
712 3860 832 3924 negare
860 3849 1037 3924 nequeant,
1070 3850 1184 3910 tamen

178 3968 242 4029 que
265 3945 439 4010 timiditate
463 3968 528 4010 non
553 3947 621 4010 ausi
645 3968 831 4029 porciones
857 3956 990 4013 euenot
1012 3973 1183 4017 cocciano

65 4075 163 4114 cnxm
178 4053 253 4117 bere
277 4052 392 4135 plenas
416 4053 536 4116 formas
560 4053 594 4115 in
618 4055 666 4117 ios
688 4055 736 4117 iot
757 4055 826 4117 loni
849 4061 1001 4120 exeuntes
1026 4062 1160 4141 tenent,

284 4244 310 4313 *)
339 4245 379 4298 De
408 4245 573 4299 Bentleiano
602 4210 765 4316 praecepto,
800 4264 854 4316 quo
883 4248 970 4302 solam
1000 4252 1183 4308 contractam

177 4334 269 4388 cibam
287 4330 419 4401 probavit
437 4332 570 4388 damnata
589 4333 735 4406 trisyllaba
753 4335 793 4403 (in
812 4335 911 4391 Heaut
923 4337 956 4406 V,
968 4344 992 4407 1,
1003 4345 1046 4395 51.
1068 4341 1180 4399 Phorm

176 4421 246 4476 alibi
264 4420 363 4475 dicam.
