2836 5034
226 329 291 391 472
516 341 778 389 rsocaoouuns
803 341 850 386 ns
872 339 1085 388 nsmosmvs

226 487 359 551 Talibus
388 487 489 570 igitur
517 484 693 550 carendum
721 487 833 548 estne
857 483 898 548 ad
922 482 1118 548 severiorem
1141 487 1269 548 accentus
1285 482 1313 545 ot

226 594 453 674 servationem,
476 614 570 675 quam
597 613 679 675 quae
699 591 779 675 ipsis
799 591 905 676 poetis
924 590 1058 675 placuit,
1081 612 1224 674 umquam
1239 587 1313 655 exacti

227 701 265 764 de
294 699 547 783 transpositione
576 699 710 763 calidius
741 720 838 782 quam
866 698 1004 780 peritius
1033 698 1167 782 cogites.
1210 695 1313 762 Ceteros

227 830 266 872 ne
290 808 352 871 hoc
375 805 650 889 praetermittam,
681 827 701 868 a
723 804 924 869 senariorum
947 804 1043 869 initio
1068 804 1110 868 ad
1134 826 1219 888 eum,
1241 803 1313 888 quiil

227 913 414 997 respondet,
439 913 696 995 septenaricrum
720 913 827 976 locum
851 934 917 976 non
940 911 1036 977 modo
1061 910 1284 976 trochaicamm
1298 932 1313 971 u

229 1042 301 1084 cum
325 1022 512 1104 oxytonesis
535 1021 657 1084 tralata
680 1023 739 1102 est,
763 1018 802 1083 de
827 1043 891 1104 qua
910 1041 1008 1104 supra
1027 1017 1110 1083 satis
1130 1017 1313 1101 disputarint

230 1125 285 1189 sed
315 1126 397 1189 raris
428 1126 584 1210 exemplis
616 1125 713 1189 etiam
748 1125 979 1208 dactylicarum
1012 1124 1268 1208 paroxytonesis.
1299 1121 1313 1187 C

230 1232 499 1318 quemadmodum
523 1231 617 1297 elisio
641 1255 707 1296 non
730 1232 861 1296 obstitit
884 1232 917 1296 in
941 1231 1000 1296 illo
1023 1232 1173 1316 exemplo

319 1374 513 1439 Bacchidem.
537 1374 697 1438 Vtramne
721 1377 798 1460 ergo
870 1426 876 1437 .
937 1426 943 1437 .
1004 1426 1010 1437 .
1071 1426 1084 1438 ..
1140 1426 1146 1437 .
1209 1427 1215 1437 .
1275 1427 1302 1456 .,

231 1519 279 1582 ita
302 1517 385 1582 nihil
409 1517 555 1602 impediit
578 1517 750 1601 quominus
774 1541 803 1602 p.
813 1535 943 1583 cxhvlrr
963 1517 1057 1598 [394]
1077 1516 1313 1602 Captivorum*

230 1647 303 1689 sum
327 1625 367 1688 ab
392 1625 443 1688 his
466 1624 573 1689 verbis
596 1625 790 1689 ordiremur:

320 1766 387 1830 Ten
412 1788 512 1851 negas
533 1763 538 1850 Ι
560 1766 742 1848 Tyndarum
766 1767 863 1831 esse?
908 1767 1003 1853 Ne'go
1028 1788 1089 1852 ego
1145 1818 1150 1829 .
1216 1819 1222 1830 .
1283 1819 1289 1830 .

138 1931 216 1972 coxa
321 1908 426 1973 Multo
460 1912 567 1974 autem
600 1909 704 1974 maior
734 1910 869 1973 libertas
900 1931 973 1973 curn
1004 1909 1067 1994 ipsi
1099 1911 1265 1993 cretico,
1296 1931 1312 1973 c

232 2037 303 2080 cum
328 2016 455 2080 senario
479 2015 707 2081 coniunctione
732 2017 935 2100 septenarius
960 2015 1120 2099 nascitur,
1143 2016 1313 2081 concedere

232 2122 334 2187 mixta
357 2122 453 2187 huius
477 2122 579 2205 partis
604 2127 637 2187 et
660 2123 728 2187 eius
753 2145 834 2207 quae
858 2144 929 2187 eam
955 2122 1075 2206 excipit
1092 2123 1231 2187 licentia
1250 2123 1313 2188 incr

232 2231 307 2295 bilis
331 2233 403 2295 orta
426 2234 476 2294 est
499 2251 707 2295 numerorum
727 2229 877 2313 varietas,
899 2230 1027 2314 qualem
1046 2230 1100 2294 vix
1119 2229 1227 2294 ullum
1248 2234 1313 2294 met

233 2358 308 2420 prae
340 2358 374 2400 se
403 2336 476 2403 fert
521 2335 589 2401 Nec
624 2337 739 2402 mirum
772 2336 1028 2422 septenariorurn
1055 2335 1097 2400 ab
1126 2337 1228 2401 initio
1254 2336 1313 2401 lice

233 2444 372 2507 multum
397 2444 597 2508 senariorum
621 2445 785 2508 licentiam
805 2443 961 2527 superari,
984 2465 1067 2527 cum,
1091 2442 1158 2527 qud
1178 2444 1236 2528 qui
1257 2444 1312 2508 lon

234 2572 346 2612 versus
370 2554 429 2632 est,
453 2572 490 2614 eo
515 2552 586 2633 plus
611 2550 709 2635 spatii
737 2556 769 2613 ct
792 2551 902 2633 copiae
922 2573 1110 2614 concessum
1132 2552 1178 2613 sit
1197 2551 1240 2614 ad
1260 2574 1313 2634 neg

235 2660 286 2718 tae
311 2657 392 2720 artis
417 2658 629 2721 offensionem
653 2681 763 2721 rursus
789 2658 1025 2722 obscurandam
1049 2662 1082 2721 et
1105 2661 1279 2740 tamquam
1304 2681 1313 2720 (

235 2764 446 2845 pensandam:
480 2787 554 2827 narn
586 2765 666 2828 haec
697 2787 772 2827 vera
803 2787 918 2828 caussa
948 2769 998 2828 est
1028 2786 1084 2828 cur
1112 2764 1188 2847 plus
1221 2766 1264 2828 ab
1295 2768 1313 2827 ir

235 2892 331 2952 quam
356 2872 405 2934 vel
430 2872 464 2934 in
488 2871 592 2934 medic
617 2871 667 2934 vel
692 2873 725 2934 in
749 2876 893 2935 extremo
918 2894 1012 2935 versu
1036 2871 1158 2935 liceret.
1206 2872 1255 2935 Vt
1280 2895 1313 2935 au

235 2977 375 3058 primum
404 2979 442 3041 de
470 2979 542 3061 ipso
571 2980 716 3042 cretico
745 2978 803 3042 illo
833 3001 978 3042 seorsum
1003 2979 1120 3060 dicam,
1150 2981 1313 3044 recordan

235 3087 284 3146 est
312 3082 362 3145 his
391 3105 462 3146 eum
492 3084 633 3147 metricis
662 3080 775 3168 figuris
804 3086 938 3167 variari,
972 3108 1051 3168 quas
1081 3085 1168 3150 iufra
1199 3087 1296 3169 posui

236 3211 308 3251 cum
331 3189 530 3273 insequentis
554 3191 654 3254 iambi
678 3190 791 3254 formis
818 3192 957 3255 vicariis:

647 3961 716 3985 &M-

583 4022 609 4073 Ῑ)
655 4043 761 4074 ,tuM-².

656 4124 772 4163 LWt'M

814 4062 815 4069 l

814 4074 815 4083 l

808 4062 809 4144 i
814 4107 815 4117 l

813 4126 815 4134 l

240 4242 313 4282 nam
347 4228 469 4268 <ww
504 4226 536 4282 ct
568 4229 710 4267 (Μινύα
743 4220 784 4282 ab
818 4221 1015 4302 reliquarum
1049 4221 1214 4286 societate
1250 4228 1313 4290 excss

240 4347 309 4388 esse
326 4329 461 4405 constat,
476 4325 559 4407 quod
580 4348 642 4388 non
663 4331 772 4409 potest
791 4328 932 4391 trochaei
953 4328 1058 4391 locum
1079 4330 1313 4410 proceleusma

244 4432 411 4494 sustinere.
445 4431 567 4504 Quodsi
591 4433 761 4497 vorborum
787 4433 915 4496 ordines
940 4433 972 4496 hi
998 4437 1076 4497 sunt
1101 4439 1140 4498 ut
1163 4439 1310 4504 creticus
