<?xml version="1.0" encoding="UTF-8"?>
<!DOCTYPE html PUBLIC "-//W3C//DTD XHTML 1.0 Transitional//EN"
    "http://www.w3.org/TR/xhtml1/DTD/xhtml1-transitional.dtd">
<html xmlns="http://www.w3.org/1999/xhtml" xml:lang="en" lang="en">
 <head>
  <title>
</title>
<meta http-equiv="Content-Type" content="text/html;charset=utf-8" />
  <meta name='ocr-system' content='tesseract 3.04.00' />
  <meta name='ocr-capabilities' content='ocr_page ocr_carea ocr_par ocr_line ocrx_word'/>
</head>
<body>
  <div class='ocr_page' id='page_1' title='image "./fridericiritsch00ritsgoog_0687.png"; bbox 0 0 2836 5034; ppageno 0'>
   <div class='ocr_carea' id='block_1_1' title="bbox 469 306 1231 373">
    <p class='ocr_par' dir='ltr' id='par_1_1' title="bbox 469 306 1231 373">
     <span class='ocr_line' id='line_1_1' title="bbox 469 306 1231 373; baseline 0.001 -2"><span class='ocrx_word' id='word_1_1' title='bbox 469 324 701 373; x_wconf 76' lang='lat' dir='ltr'><strong>nsrmurscuu</strong></span> <span class='ocrx_word' id='word_1_2' title='bbox 725 324 850 372; x_wconf 83' lang='lat' dir='ltr'><strong>uunuu.</strong></span> <span class='ocrx_word' id='word_1_3' title='bbox 1164 306 1231 372; x_wconf 81' lang='grc'><strong>665</strong></span> 
     </span>
    </p>
   </div>
   <div class='ocr_carea' id='block_1_2' title="bbox 134 466 1372 552">
    <p class='ocr_par' dir='ltr' id='par_1_2' title="bbox 134 466 1372 552">
     <span class='ocr_line' id='line_1_2' title="bbox 134 466 1372 552; baseline -0.001 -20"><span class='ocrx_word' id='word_1_4' title='bbox 134 490 146 531; x_wconf 84' lang='lat' dir='ltr'><strong>c</strong></span> <span class='ocrx_word' id='word_1_5' title='bbox 175 470 283 532; x_wconf 81' lang='lat' dir='ltr'><strong>autem</strong></span> <span class='ocrx_word' id='word_1_6' title='bbox 312 467 366 532; x_wconf 77' lang='lat' dir='ltr'><strong>uia</strong></span> <span class='ocrx_word' id='word_1_7' title='bbox 394 467 523 532; x_wconf 89' lang='lat' dir='ltr'><strong>demum</strong></span> <span class='ocrx_word' id='word_1_8' title='bbox 548 468 620 552; x_wconf 89' lang='lat' dir='ltr'><strong>ipsa</strong></span> <span class='ocrx_word' id='word_1_9' title='bbox 642 467 732 531; x_wconf 84' lang='lat' dir='ltr'><strong>notio</strong></span> <span class='ocrx_word' id='word_1_10' title='bbox 756 466 900 532; x_wconf 84' lang='lat' dir='ltr'><strong>civitatis</strong></span> <span class='ocrx_word' id='word_1_11' title='bbox 923 467 1141 533; x_wconf 86' lang='lat' dir='ltr'><strong>consummari</strong></span> <span class='ocrx_word' id='word_1_12' title='bbox 1164 489 1230 532; x_wconf 89' lang='lat' dir='ltr'><strong>cre·</strong></span> <span class='ocrx_word' id='word_1_13' title='bbox 1358 466 1372 479; x_wconf 56' lang='lat'>⁸</span> 
     </span>
    </p>
   </div>
   <div class='ocr_carea' id='block_1_3' title="bbox 134 574 1232 4510">
    <p class='ocr_par' dir='ltr' id='par_1_3' title="bbox 134 574 1232 4510">
     <span class='ocr_line' id='line_1_3' title="bbox 134 574 1230 660; baseline 0 -21"><span class='ocrx_word' id='word_1_14' title='bbox 134 597 187 639; x_wconf 90' lang='lat' dir='ltr'><strong>ur:</strong></span> <span class='ocrx_word' id='word_1_15' title='bbox 215 574 310 641; x_wconf 74' lang='lat' dir='ltr'><strong>focile</strong></span> <span class='ocrx_word' id='word_1_16' title='bbox 340 579 476 660; x_wconf 89' lang='lat' dir='ltr'><strong>apparet</strong></span> <span class='ocrx_word' id='word_1_17' title='bbox 502 575 572 640; x_wconf 90' lang='lat' dir='ltr'><strong>lieri</strong></span> <span class='ocrx_word' id='word_1_18' title='bbox 595 575 727 641; x_wconf 92' lang='lat' dir='ltr'><strong>omniuo</strong></span> <span class='ocrx_word' id='word_1_19' title='bbox 752 596 818 641; x_wconf 93' lang='lat' dir='ltr'><strong>non</strong></span> <span class='ocrx_word' id='word_1_20' title='bbox 846 574 1004 659; x_wconf 88' lang='lat' dir='ltr'><strong>potuisse,</strong></span> <span class='ocrx_word' id='word_1_21' title='bbox 1033 575 1110 660; x_wconf 89' lang='lat' dir='ltr'><strong>quin</strong></span> <span class='ocrx_word' id='word_1_22' title='bbox 1132 575 1230 639; x_wconf 87' lang='lat' dir='ltr'><strong>ctiam</strong></span> 
     </span>
     <span class='ocr_line' id='line_1_4' title="bbox 151 681 1230 765; baseline 0 -18"><span class='ocrx_word' id='word_1_23' title='bbox 151 681 409 747; x_wconf 77' lang='lat' dir='ltr'><strong>academicorum</strong></span> <span class='ocrx_word' id='word_1_24' title='bbox 432 702 605 765; x_wconf 89' lang='lat' dir='ltr'><strong>corporum</strong></span> <span class='ocrx_word' id='word_1_25' title='bbox 628 681 814 747; x_wconf 89' lang='lat' dir='ltr'><strong>libertatem</strong></span> <span class='ocrx_word' id='word_1_26' title='bbox 834 681 923 746; x_wconf 93' lang='lat' dir='ltr'><strong>illius</strong></span> <span class='ocrx_word' id='word_1_27' title='bbox 944 682 992 746; x_wconf 83' lang='lat' dir='ltr'><strong>vis</strong></span> <span class='ocrx_word' id='word_1_28' title='bbox 1010 682 1230 748; x_wconf 76' lang='lat' dir='ltr'><strong>conversionis</strong></span> 
     </span>
     <span class='ocr_line' id='line_1_5' title="bbox 134 787 1230 872; baseline -0.001 -18"><span class='ocrx_word' id='word_1_29' title='bbox 134 789 271 855; x_wconf 87' lang='lat' dir='ltr'><strong>rtineret.</strong></span> <span class='ocrx_word' id='word_1_30' title='bbox 317 787 604 854; x_wconf 81' lang='lat' dir='ltr'><strong>Verumenimvero</strong></span> <span class='ocrx_word' id='word_1_31' title='bbox 632 788 717 872; x_wconf 90' lang='lat' dir='ltr'><strong>quod</strong></span> <span class='ocrx_word' id='word_1_32' title='bbox 746 789 817 853; x_wconf 87' lang='lat' dir='ltr'><strong>lieri</strong></span> <span class='ocrx_word' id='word_1_33' title='bbox 845 787 965 872; x_wconf 88' lang='lat' dir='ltr'><strong>ubique</strong></span> <span class='ocrx_word' id='word_1_34' title='bbox 994 788 1028 853; x_wconf 88' lang='lat' dir='ltr'><strong>iu</strong></span> <span class='ocrx_word' id='word_1_35' title='bbox 1055 787 1152 854; x_wconf 90' lang='lat' dir='ltr'><strong>rebus</strong></span> <span class='ocrx_word' id='word_1_36' title='bbox 1174 787 1230 853; x_wconf 92' lang='lat' dir='ltr'><strong>hu·</strong></span> 
     </span>
     <span class='ocr_line' id='line_1_6' title="bbox 134 895 1231 980; baseline -0.001 -20"><span class='ocrx_word' id='word_1_37' title='bbox 134 895 191 960; x_wconf 86' lang='lat' dir='ltr'><strong>mis</strong></span> <span class='ocrx_word' id='word_1_38' title='bbox 218 896 355 979; x_wconf 87' lang='lat' dir='ltr'><strong>assolet,</strong></span> <span class='ocrx_word' id='word_1_39' title='bbox 387 898 424 960; x_wconf 91' lang='lat' dir='ltr'><strong>ut</strong></span> <span class='ocrx_word' id='word_1_40' title='bbox 454 916 520 960; x_wconf 92' lang='lat' dir='ltr'><strong>nou</strong></span> <span class='ocrx_word' id='word_1_41' title='bbox 546 899 635 959; x_wconf 87' lang='lat' dir='ltr'><strong>recta</strong></span> <span class='ocrx_word' id='word_1_42' title='bbox 663 895 729 978; x_wconf 86' lang='lat' dir='ltr'><strong>via,</strong></span> <span class='ocrx_word' id='word_1_43' title='bbox 756 895 813 961; x_wconf 91' lang='lat' dir='ltr'><strong>sed</strong></span> <span class='ocrx_word' id='word_1_44' title='bbox 840 917 898 980; x_wconf 89' lang='lat' dir='ltr'><strong>per</strong></span> <span class='ocrx_word' id='word_1_45' title='bbox 925 895 1090 960; x_wconf 88' lang='lat' dir='ltr'><strong>contraria</strong></span> <span class='ocrx_word' id='word_1_46' title='bbox 1118 898 1152 959; x_wconf 89' lang='lat' dir='ltr'><strong>et</strong></span> <span class='ocrx_word' id='word_1_47' title='bbox 1179 917 1231 960; x_wconf 88' lang='lat' dir='ltr'><strong>ex·</strong></span> 
     </span>
     <span class='ocr_line' id='line_1_7' title="bbox 134 1001 1230 1087; baseline 0.002 -21"><span class='ocrx_word' id='word_1_48' title='bbox 134 1025 191 1067; x_wconf 71' lang='lat' dir='ltr'><strong>ema</strong></span> <span class='ocrx_word' id='word_1_49' title='bbox 216 1007 308 1068; x_wconf 89' lang='lat' dir='ltr'><strong>eatur</strong></span> <span class='ocrx_word' id='word_1_50' title='bbox 336 1001 376 1067; x_wconf 89' lang='lat' dir='ltr'><strong>ad</strong></span> <span class='ocrx_word' id='word_1_51' title='bbox 403 1002 435 1067; x_wconf 92' lang='lat' dir='ltr'><strong>id</strong></span> <span class='ocrx_word' id='word_1_52' title='bbox 466 1002 551 1087; x_wconf 93' lang='lat' dir='ltr'><strong>quod</strong></span> <span class='ocrx_word' id='word_1_53' title='bbox 574 1001 619 1067; x_wconf 87' lang='lat' dir='ltr'><strong>sit</strong></span> <span class='ocrx_word' id='word_1_54' title='bbox 640 1001 819 1086; x_wconf 85' lang='lat' dir='ltr'><strong>perfectum</strong></span> <span class='ocrx_word' id='word_1_55' title='bbox 844 1001 895 1066; x_wconf 86' lang='lat' dir='ltr'><strong>rel</strong></span> <span class='ocrx_word' id='word_1_56' title='bbox 923 1024 943 1067; x_wconf 90' lang='lat' dir='ltr'><strong>a</strong></span> <span class='ocrx_word' id='word_1_57' title='bbox 965 1001 1109 1086; x_wconf 81' lang='lat' dir='ltr'><strong>perfecto</strong></span> <span class='ocrx_word' id='word_1_58' title='bbox 1132 1025 1230 1087; x_wconf 91' lang='lat' dir='ltr'><strong>quam</strong></span> 
     </span>
     <span class='ocr_line' id='line_1_8' title="bbox 134 1106 1232 1193; baseline 0.002 -19"><span class='ocrx_word' id='word_1_59' title='bbox 134 1109 232 1174; x_wconf 83' lang='lat' dir='ltr'><strong>crime</strong></span> <span class='ocrx_word' id='word_1_60' title='bbox 259 1109 358 1174; x_wconf 86' lang='lat' dir='ltr'><strong>absit:</strong></span> <span class='ocrx_word' id='word_1_61' title='bbox 391 1106 424 1173; x_wconf 91' lang='lat' dir='ltr'><strong>id</strong></span> <span class='ocrx_word' id='word_1_62' title='bbox 451 1107 486 1172; x_wconf 94' lang='lat' dir='ltr'><strong>in</strong></span> <span class='ocrx_word' id='word_1_63' title='bbox 513 1108 575 1173; x_wconf 92' lang='lat' dir='ltr'><strong>hoc</strong></span> <span class='ocrx_word' id='word_1_64' title='bbox 601 1129 728 1193; x_wconf 89' lang='lat' dir='ltr'><strong>quoque</strong></span> <span class='ocrx_word' id='word_1_65' title='bbox 757 1128 875 1193; x_wconf 78' lang='lat' dir='ltr'><strong>genus,</strong></span> <span class='ocrx_word' id='word_1_66' title='bbox 902 1107 966 1173; x_wconf 92' lang='lat' dir='ltr'><strong>nisi</strong></span> <span class='ocrx_word' id='word_1_67' title='bbox 994 1107 1153 1193; x_wconf 81' lang='lat' dir='ltr'><strong>fallimur,</strong></span> <span class='ocrx_word' id='word_1_68' title='bbox 1183 1111 1232 1176; x_wconf 93' lang='lat' dir='ltr'><strong>ita</strong></span> 
     </span>
     <span class='ocr_line' id='line_1_9' title="bbox 134 1215 1228 1299; baseline 0.001 -18"><span class='ocrx_word' id='word_1_69' title='bbox 134 1216 187 1299; x_wconf 92' lang='lat' dir='ltr'><strong>dit,</strong></span> <span class='ocrx_word' id='word_1_70' title='bbox 219 1221 256 1282; x_wconf 89' lang='lat' dir='ltr'><strong>ut</strong></span> <span class='ocrx_word' id='word_1_71' title='bbox 283 1216 371 1281; x_wconf 91' lang='lat' dir='ltr'><strong>iusto</strong></span> <span class='ocrx_word' id='word_1_72' title='bbox 400 1215 496 1282; x_wconf 91' lang='lat' dir='ltr'><strong>modo</strong></span> <span class='ocrx_word' id='word_1_73' title='bbox 524 1237 590 1281; x_wconf 92' lang='lat' dir='ltr'><strong>non</strong></span> <span class='ocrx_word' id='word_1_74' title='bbox 617 1215 698 1280; x_wconf 87' lang='lat' dir='ltr'><strong>satis</strong></span> <span class='ocrx_word' id='word_1_75' title='bbox 718 1218 854 1281; x_wconf 84' lang='lat' dir='ltr'><strong>servato</strong></span> <span class='ocrx_word' id='word_1_76' title='bbox 882 1215 1019 1280; x_wconf 89' lang='lat' dir='ltr'><strong>nimium</strong></span> <span class='ocrx_word' id='word_1_77' title='bbox 1047 1215 1228 1283; x_wconf 89' lang='lat' dir='ltr'><strong>detractum</strong></span> 
     </span>
     <span class='ocr_line' id='line_1_10' title="bbox 134 1321 1230 1407; baseline 0.001 -19"><span class='ocrx_word' id='word_1_78' title='bbox 134 1344 161 1388; x_wconf 85' lang='lat' dir='ltr'><strong>so</strong></span> <span class='ocrx_word' id='word_1_79' title='bbox 186 1324 225 1388; x_wconf 89' lang='lat' dir='ltr'><strong>da</strong></span> <span class='ocrx_word' id='word_1_80' title='bbox 248 1322 413 1389; x_wconf 89' lang='lat' dir='ltr'><strong>tralaticio</strong></span> <span class='ocrx_word' id='word_1_81' title='bbox 437 1323 505 1387; x_wconf 90' lang='lat' dir='ltr'><strong>iure</strong></span> <span class='ocrx_word' id='word_1_82' title='bbox 529 1321 802 1407; x_wconf 85' lang='lat' dir='ltr'><strong>universitatium,</strong></span> <span class='ocrx_word' id='word_1_83' title='bbox 828 1322 966 1387; x_wconf 91' lang='lat' dir='ltr'><strong>nimium</strong></span> <span class='ocrx_word' id='word_1_84' title='bbox 994 1326 1104 1388; x_wconf 92' lang='lat' dir='ltr'><strong>autem</strong></span> <span class='ocrx_word' id='word_1_85' title='bbox 1127 1325 1230 1389; x_wconf 90' lang='lat' dir='ltr'><strong>tribu-</strong></span> 
     </span>
     <span class='ocr_line' id='line_1_11' title="bbox 134 1427 1230 1515; baseline 0.001 -21"><span class='ocrx_word' id='word_1_86' title='bbox 134 1452 161 1494; x_wconf 89' lang='lat' dir='ltr'><strong>m</strong></span> <span class='ocrx_word' id='word_1_87' title='bbox 185 1430 342 1515; x_wconf 74' lang='lat' dir='ltr'><strong>potestati</strong></span> <span class='ocrx_word' id='word_1_88' title='bbox 370 1430 512 1495; x_wconf 86' lang='lat' dir='ltr'><strong>civitatis</strong></span> <span class='ocrx_word' id='word_1_89' title='bbox 541 1429 699 1495; x_wconf 81' lang='lat' dir='ltr'><strong>videatur.</strong></span> <span class='ocrx_word' id='word_1_90' title='bbox 744 1427 830 1494; x_wconf 90' lang='lat' dir='ltr'><strong>Nam</strong></span> <span class='ocrx_word' id='word_1_91' title='bbox 859 1429 887 1494; x_wconf 90' lang='lat' dir='ltr'><strong>ai</strong></span> <span class='ocrx_word' id='word_1_92' title='bbox 914 1451 1028 1494; x_wconf 87' lang='lat' dir='ltr'><strong>verum</strong></span> <span class='ocrx_word' id='word_1_93' title='bbox 1051 1434 1115 1514; x_wconf 89' lang='lat' dir='ltr'><strong>est,</strong></span> <span class='ocrx_word' id='word_1_94' title='bbox 1144 1430 1230 1515; x_wconf 93' lang='lat' dir='ltr'><strong>quod</strong></span> 
     </span>
     <span class='ocr_line' id='line_1_12' title="bbox 134 1535 1229 1622; baseline 0.004 -24"><span class='ocrx_word' id='word_1_95' title='bbox 134 1558 153 1600; x_wconf 82' lang='lat' dir='ltr'><strong>u</strong></span> <span class='ocrx_word' id='word_1_96' title='bbox 175 1536 304 1622; x_wconf 87' lang='lat' dir='ltr'><strong>quidem</strong></span> <span class='ocrx_word' id='word_1_97' title='bbox 332 1560 391 1622; x_wconf 90' lang='lat' dir='ltr'><strong>pro</strong></span> <span class='ocrx_word' id='word_1_98' title='bbox 419 1559 495 1603; x_wconf 82' lang='lat' dir='ltr'><strong>vero</strong></span> <span class='ocrx_word' id='word_1_99' title='bbox 524 1537 755 1621; x_wconf 85' lang='lat' dir='ltr'><strong>exploratoque</strong></span> <span class='ocrx_word' id='word_1_100' title='bbox 783 1535 955 1620; x_wconf 89' lang='lat' dir='ltr'><strong>habemus,</strong></span> <span class='ocrx_word' id='word_1_101' title='bbox 982 1559 1090 1602; x_wconf 88' lang='lat' dir='ltr'><strong>rerum</strong></span> <span class='ocrx_word' id='word_1_102' title='bbox 1114 1536 1229 1602; x_wconf 76' lang='lat' dir='ltr'><strong>huma</strong></span> 
     </span>
     <span class='ocr_line' id='line_1_13' title="bbox 134 1642 1229 1729; baseline 0 -21"><span class='ocrx_word' id='word_1_103' title='bbox 134 1664 200 1708; x_wconf 87' lang='lat' dir='ltr'><strong>uum</strong></span> <span class='ocrx_word' id='word_1_104' title='bbox 223 1643 506 1729; x_wconf 83' lang='lat' dir='ltr'><strong>gubernandarum</strong></span> <span class='ocrx_word' id='word_1_105' title='bbox 530 1643 924 1729; x_wconf 87' lang='lat' dir='ltr'><strong>administrandarumque</strong></span> <span class='ocrx_word' id='word_1_106' title='bbox 943 1642 1082 1708; x_wconf 87' lang='lat' dir='ltr'><strong>salutem</strong></span> <span class='ocrx_word' id='word_1_107' title='bbox 1101 1665 1229 1709; x_wconf 88' lang='lat' dir='ltr'><strong>omnem</strong></span> 
     </span>
     <span class='ocr_line' id='line_1_14' title="bbox 143 1749 1229 1836; baseline 0 -21"><span class='ocrx_word' id='word_1_108' title='bbox 143 1749 274 1816; x_wconf 76' lang='lat' dir='ltr'><strong>discordi</strong></span> <span class='ocrx_word' id='word_1_109' title='bbox 306 1751 478 1817; x_wconf 87' lang='lat' dir='ltr'><strong>concordia</strong></span> <span class='ocrx_word' id='word_1_110' title='bbox 509 1752 614 1834; x_wconf 88' lang='lat' dir='ltr'><strong>nasci,</strong></span> <span class='ocrx_word' id='word_1_111' title='bbox 646 1752 698 1815; x_wconf 85' lang='lat' dir='ltr'><strong>vel</strong></span> <span class='ocrx_word' id='word_1_112' title='bbox 731 1756 767 1816; x_wconf 91' lang='lat' dir='ltr'><strong>ut</strong></span> <span class='ocrx_word' id='word_1_113' title='bbox 798 1750 926 1836; x_wconf 91' lang='lat' dir='ltr'><strong>planius</strong></span> <span class='ocrx_word' id='word_1_114' title='bbox 958 1750 1077 1834; x_wconf 88' lang='lat' dir='ltr'><strong>dicam,</strong></span> <span class='ocrx_word' id='word_1_115' title='bbox 1109 1751 1229 1815; x_wconf 92' lang='lat' dir='ltr'><strong>iurium</strong></span> 
     </span>
     <span class='ocr_line' id='line_1_15' title="bbox 134 1855 1230 1943; baseline 0.005 -25"><span class='ocrx_word' id='word_1_116' title='bbox 134 1855 331 1941; x_wconf 79' lang='lat' dir='ltr'><strong>liciorumque</strong></span> <span class='ocrx_word' id='word_1_117' title='bbox 363 1858 426 1923; x_wconf 92' lang='lat' dir='ltr'><strong>sibi</strong></span> <span class='ocrx_word' id='word_1_118' title='bbox 459 1858 683 1943; x_wconf 92' lang='lat' dir='ltr'><strong>oppositorum</strong></span> <span class='ocrx_word' id='word_1_119' title='bbox 716 1862 749 1923; x_wconf 87' lang='lat' dir='ltr'><strong>ct</strong></span> <span class='ocrx_word' id='word_1_120' title='bbox 780 1858 906 1923; x_wconf 85' lang='lat' dir='ltr'><strong>ratione</strong></span> <span class='ocrx_word' id='word_1_121' title='bbox 939 1879 1048 1924; x_wconf 89' lang='lat' dir='ltr'><strong>secum</strong></span> <span class='ocrx_word' id='word_1_122' title='bbox 1083 1878 1230 1943; x_wconf 78' lang='lat' dir='ltr'><strong>pugnan-</strong></span> 
     </span>
     <span class='ocr_line' id='line_1_16' title="bbox 134 1964 1232 2051; baseline 0.005 -24"><span class='ocrx_word' id='word_1_123' title='bbox 134 1983 171 2027; x_wconf 87' lang='lat' dir='ltr'><strong>m</strong></span> <span class='ocrx_word' id='word_1_124' title='bbox 199 1968 367 2050; x_wconf 80' lang='lat' dir='ltr'><strong>tamquam</strong></span> <span class='ocrx_word' id='word_1_125' title='bbox 404 1967 544 2050; x_wconf 91' lang='lat' dir='ltr'><strong>quodam</strong></span> <span class='ocrx_word' id='word_1_126' title='bbox 581 1964 775 2050; x_wconf 75' lang='lat' dir='ltr'><strong>aequilibrio</strong></span> <span class='ocrx_word' id='word_1_127' title='bbox 813 1965 987 2030; x_wconf 81' lang='lat' dir='ltr'><strong>contineri:</strong></span> <span class='ocrx_word' id='word_1_128' title='bbox 1022 1986 1089 2031; x_wconf 90' lang='lat' dir='ltr'><strong>non</strong></span> <span class='ocrx_word' id='word_1_129' title='bbox 1121 1971 1232 2051; x_wconf 86' lang='lat' dir='ltr'><strong>potest</strong></span> 
     </span>
     <span class='ocr_line' id='line_1_17' title="bbox 134 2068 1230 2158; baseline 0.005 -25"><span class='ocrx_word' id='word_1_130' title='bbox 134 2068 218 2135; x_wconf 76' lang='lat' dir='ltr'><strong>ibium</strong></span> <span class='ocrx_word' id='word_1_131' title='bbox 257 2092 345 2157; x_wconf 90' lang='lat' dir='ltr'><strong>ease,</strong></span> <span class='ocrx_word' id='word_1_132' title='bbox 382 2073 423 2136; x_wconf 90' lang='lat' dir='ltr'><strong>ab</strong></span> <span class='ocrx_word' id='word_1_133' title='bbox 460 2072 727 2139; x_wconf 89' lang='lat' dir='ltr'><strong>universitatibus</strong></span> <span class='ocrx_word' id='word_1_134' title='bbox 763 2072 894 2157; x_wconf 89' lang='lat' dir='ltr'><strong>quidem</strong></span> <span class='ocrx_word' id='word_1_135' title='bbox 926 2071 1093 2158; x_wconf 78' lang='lat' dir='ltr'><strong>pugnandi</strong></span> <span class='ocrx_word' id='word_1_136' title='bbox 1127 2074 1230 2139; x_wconf 91' lang='lat' dir='ltr'><strong>multo</strong></span> 
     </span>
     <span class='ocr_line' id='line_1_18' title="bbox 134 2178 1230 2271; baseline 0.002 -28"><span class='ocrx_word' id='word_1_137' title='bbox 134 2178 192 2271; x_wconf 71' lang='lat' dir='ltr'><strong>¹igis</strong></span> <span class='ocrx_word' id='word_1_138' title='bbox 214 2200 346 2244; x_wconf 78' lang='lat' dir='ltr'><strong>caussas</strong></span> <span class='ocrx_word' id='word_1_139' title='bbox 369 2184 403 2244; x_wconf 89' lang='lat' dir='ltr'><strong>et</strong></span> <span class='ocrx_word' id='word_1_140' title='bbox 424 2180 595 2244; x_wconf 91' lang='lat' dir='ltr'><strong>conamina</strong></span> <span class='ocrx_word' id='word_1_141' title='bbox 621 2201 719 2265; x_wconf 89' lang='lat' dir='ltr'><strong>quam</strong></span> <span class='ocrx_word' id='word_1_142' title='bbox 742 2200 909 2245; x_wconf 87' lang='lat' dir='ltr'><strong>successus</strong></span> <span class='ocrx_word' id='word_1_143' title='bbox 934 2183 967 2243; x_wconf 88' lang='lat' dir='ltr'><strong>et</strong></span> <span class='ocrx_word' id='word_1_144' title='bbox 989 2179 1144 2245; x_wconf 84' lang='lat' dir='ltr'><strong>victorias</strong></span> <span class='ocrx_word' id='word_1_145' title='bbox 1167 2179 1230 2245; x_wconf 86' lang='lat' dir='ltr'><strong>fre·</strong></span> 
     </span>
     <span class='ocr_line' id='line_1_19' title="bbox 134 2285 1230 2371; baseline 0.005 -25"><span class='ocrx_word' id='word_1_146' title='bbox 134 2286 243 2351; x_wconf 74' lang='lat' dir='ltr'><strong>lentari.</strong></span> <span class='ocrx_word' id='word_1_147' title='bbox 289 2285 426 2370; x_wconf 79' lang='lat' dir='ltr'><strong>Quodsi,</strong></span> <span class='ocrx_word' id='word_1_148' title='bbox 454 2286 572 2371; x_wconf 92' lang='lat' dir='ltr'><strong>quibus</strong></span> <span class='ocrx_word' id='word_1_149' title='bbox 598 2286 807 2369; x_wconf 89' lang='lat' dir='ltr'><strong>potissimum</strong></span> <span class='ocrx_word' id='word_1_150' title='bbox 835 2287 869 2350; x_wconf 92' lang='lat' dir='ltr'><strong>in</strong></span> <span class='ocrx_word' id='word_1_151' title='bbox 897 2286 993 2351; x_wconf 88' lang='lat' dir='ltr'><strong>rebus</strong></span> <span class='ocrx_word' id='word_1_152' title='bbox 1021 2286 1120 2351; x_wconf 90' lang='lat' dir='ltr'><strong>nimis</strong></span> <span class='ocrx_word' id='word_1_153' title='bbox 1144 2308 1230 2352; x_wconf 89' lang='lat' dir='ltr'><strong>coer·</strong></span> 
     </span>
     <span class='ocr_line' id='line_1_20' title="bbox 134 2391 1230 2478; baseline 0.003 -23"><span class='ocrx_word' id='word_1_154' title='bbox 134 2391 172 2455; x_wconf 83' lang='lat' dir='ltr'><strong>lae</strong></span> <span class='ocrx_word' id='word_1_155' title='bbox 195 2392 359 2458; x_wconf 86' lang='lat' dir='ltr'><strong>libertatis</strong></span> <span class='ocrx_word' id='word_1_156' title='bbox 387 2414 454 2458; x_wconf 88' lang='lat' dir='ltr'><strong>uon</strong></span> <span class='ocrx_word' id='word_1_157' title='bbox 481 2393 606 2458; x_wconf 86' lang='lat' dir='ltr'><strong>incerta</strong></span> <span class='ocrx_word' id='word_1_158' title='bbox 633 2393 786 2478; x_wconf 80' lang='lat' dir='ltr'><strong>vestigia,</strong></span> <span class='ocrx_word' id='word_1_159' title='bbox 813 2391 869 2458; x_wconf 87' lang='lat' dir='ltr'><strong>sed</strong></span> <span class='ocrx_word' id='word_1_160' title='bbox 901 2396 1015 2478; x_wconf 86' lang='lat' dir='ltr'><strong>aperta</strong></span> <span class='ocrx_word' id='word_1_161' title='bbox 1037 2392 1230 2460; x_wconf 85' lang='lat' dir='ltr'><strong>documento</strong></span> 
     </span>
     <span class='ocr_line' id='line_1_21' title="bbox 134 2500 1228 2587; baseline 0.005 -25"><span class='ocrx_word' id='word_1_162' title='bbox 134 2506 274 2585; x_wconf 76' lang='lat' dir='ltr'><strong>tuantur,</strong></span> <span class='ocrx_word' id='word_1_163' title='bbox 296 2500 467 2584; x_wconf 80' lang='lat' dir='ltr'><strong>quaeritis:</strong></span> <span class='ocrx_word' id='word_1_164' title='bbox 490 2500 567 2566; x_wconf 93' lang='lat' dir='ltr'><strong>nolo</strong></span> <span class='ocrx_word' id='word_1_165' title='bbox 591 2500 632 2566; x_wconf 94' lang='lat' dir='ltr'><strong>iis</strong></span> <span class='ocrx_word' id='word_1_166' title='bbox 656 2500 843 2566; x_wconf 86' lang='lat' dir='ltr'><strong>vulneribus</strong></span> <span class='ocrx_word' id='word_1_167' title='bbox 867 2501 1043 2586; x_wconf 89' lang='lat' dir='ltr'><strong>immorari,</strong></span> <span class='ocrx_word' id='word_1_168' title='bbox 1066 2523 1149 2585; x_wconf 87' lang='lat' dir='ltr'><strong>quae</strong></span> <span class='ocrx_word' id='word_1_169' title='bbox 1172 2524 1228 2587; x_wconf 92' lang='lat' dir='ltr'><strong>pa-</strong></span> 
     </span>
     <span class='ocr_line' id='line_1_22' title="bbox 134 2606 1230 2693; baseline 0.005 -25"><span class='ocrx_word' id='word_1_170' title='bbox 134 2622 162 2668; x_wconf 87' lang='lat' dir='ltr'><strong>m</strong></span> <span class='ocrx_word' id='word_1_171' title='bbox 190 2606 240 2670; x_wconf 86' lang='lat' dir='ltr'><strong>vel</strong></span> <span class='ocrx_word' id='word_1_172' title='bbox 274 2607 430 2672; x_wconf 88' lang='lat' dir='ltr'><strong>memoria</strong></span> <span class='ocrx_word' id='word_1_173' title='bbox 462 2608 573 2673; x_wconf 69' lang='lat' dir='ltr'><strong>silacia</strong></span> <span class='ocrx_word' id='word_1_174' title='bbox 606 2607 657 2672; x_wconf 87' lang='lat' dir='ltr'><strong>vel</strong></span> <span class='ocrx_word' id='word_1_175' title='bbox 690 2613 785 2693; x_wconf 80' lang='lat' dir='ltr'><strong>gruta</strong></span> <span class='ocrx_word' id='word_1_176' title='bbox 818 2614 1001 2675; x_wconf 89' lang='lat' dir='ltr'><strong>memoratu</strong></span> <span class='ocrx_word' id='word_1_177' title='bbox 1029 2608 1230 2674; x_wconf 86' lang='lat' dir='ltr'><strong>academicae</strong></span> 
     </span>
     <span class='ocr_line' id='line_1_23' title="bbox 134 2711 1228 2796; baseline 0.005 -20"><span class='ocrx_word' id='word_1_178' title='bbox 134 2712 228 2776; x_wconf 68' lang='lat' dir='ltr'><strong>nuti</strong></span> <span class='ocrx_word' id='word_1_179' title='bbox 256 2734 314 2796; x_wconf 89' lang='lat' dir='ltr'><strong>per</strong></span> <span class='ocrx_word' id='word_1_180' title='bbox 342 2711 549 2778; x_wconf 83' lang='lat' dir='ltr'><strong>Germaniam</strong></span> <span class='ocrx_word' id='word_1_181' title='bbox 577 2714 717 2779; x_wconf 83' lang='lat' dir='ltr'><strong>usitatae</strong></span> <span class='ocrx_word' id='word_1_182' title='bbox 744 2715 894 2779; x_wconf 86' lang='lat' dir='ltr'><strong>luctuosa</strong></span> <span class='ocrx_word' id='word_1_183' title='bbox 928 2714 986 2780; x_wconf 94' lang='lat' dir='ltr'><strong>illa</strong></span> <span class='ocrx_word' id='word_1_184' title='bbox 1014 2715 1142 2781; x_wconf 88' lang='lat' dir='ltr'><strong>decreta</strong></span> <span class='ocrx_word' id='word_1_185' title='bbox 1169 2714 1228 2782; x_wconf 85' lang='lat' dir='ltr'><strong>Ca-</strong></span> 
     </span>
     <span class='ocr_line' id='line_1_24' title="bbox 134 2811 1229 2898; baseline 0.005 -15"><span class='ocrx_word' id='word_1_186' title='bbox 134 2811 262 2884; x_wconf 85' lang='lat' dir='ltr'><strong>linensia</strong></span> <span class='ocrx_word' id='word_1_187' title='bbox 284 2821 438 2886; x_wconf 85' lang='lat' dir='ltr'><strong>inflixere.</strong></span> <span class='ocrx_word' id='word_1_188' title='bbox 475 2821 564 2898; x_wconf 87' lang='lat' dir='ltr'><strong>Quae</strong></span> <span class='ocrx_word' id='word_1_189' title='bbox 583 2827 620 2887; x_wconf 90' lang='lat' dir='ltr'><strong>ut</strong></span> <span class='ocrx_word' id='word_1_190' title='bbox 638 2821 709 2886; x_wconf 91' lang='lat' dir='ltr'><strong>dira</strong></span> <span class='ocrx_word' id='word_1_191' title='bbox 726 2844 786 2888; x_wconf 91' lang='lat' dir='ltr'><strong>nec</strong></span> <span class='ocrx_word' id='word_1_192' title='bbox 806 2822 970 2888; x_wconf 83' lang='lat' dir='ltr'><strong>evitabilis</strong></span> <span class='ocrx_word' id='word_1_193' title='bbox 989 2823 1164 2887; x_wconf 85' lang='lat' dir='ltr'><strong>necessitas</strong></span> <span class='ocrx_word' id='word_1_194' title='bbox 1183 2824 1229 2889; x_wconf 94' lang='lat' dir='ltr'><strong>iu-</strong></span> 
     </span>
     <span class='ocr_line' id='line_1_25' title="bbox 134 2927 1229 3015; baseline 0.006 -26"><span class='ocrx_word' id='word_1_195' title='bbox 134 2941 166 2988; x_wconf 86' lang='lat' dir='ltr'><strong>re</strong></span> <span class='ocrx_word' id='word_1_196' title='bbox 186 2927 255 2991; x_wconf 87' lang='lat' dir='ltr'><strong>visa</strong></span> <span class='ocrx_word' id='word_1_197' title='bbox 278 2932 342 3010; x_wconf 85' lang='lat' dir='ltr'><strong>est,</strong></span> <span class='ocrx_word' id='word_1_198' title='bbox 365 2929 510 3012; x_wconf 88' lang='lat' dir='ltr'><strong>ipsorum</strong></span> <span class='ocrx_word' id='word_1_199' title='bbox 533 2935 570 2994; x_wconf 90' lang='lat' dir='ltr'><strong>ut</strong></span> <span class='ocrx_word' id='word_1_200' title='bbox 593 2930 720 2994; x_wconf 87' lang='lat' dir='ltr'><strong>credere</strong></span> <span class='ocrx_word' id='word_1_201' title='bbox 743 2952 803 3015; x_wconf 89' lang='lat' dir='ltr'><strong>par</strong></span> <span class='ocrx_word' id='word_1_202' title='bbox 827 2935 877 2995; x_wconf 90' lang='lat' dir='ltr'><strong>ast</strong></span> <span class='ocrx_word' id='word_1_203' title='bbox 900 2929 1140 2995; x_wconf 86' lang='lat' dir='ltr'><strong>decernentium</strong></span> <span class='ocrx_word' id='word_1_204' title='bbox 1163 2953 1229 2996; x_wconf 93' lang='lat' dir='ltr'><strong>non</strong></span> 
     </span>
     <span class='ocr_line' id='line_1_26' title="bbox 134 3029 1228 3120; baseline 0.005 -24"><span class='ocrx_word' id='word_1_205' title='bbox 134 3029 240 3098; x_wconf 71' lang='lat' dir='ltr'><strong>euceri</strong></span> <span class='ocrx_word' id='word_1_206' title='bbox 268 3034 392 3099; x_wconf 88' lang='lat' dir='ltr'><strong>dolore:</strong></span> <span class='ocrx_word' id='word_1_207' title='bbox 420 3035 467 3100; x_wconf 91' lang='lat' dir='ltr'><strong>ita</strong></span> <span class='ocrx_word' id='word_1_208' title='bbox 495 3057 623 3120; x_wconf 84' lang='lat' dir='ltr'><strong>sperare</strong></span> <span class='ocrx_word' id='word_1_209' title='bbox 651 3036 729 3101; x_wconf 89' lang='lat' dir='ltr'><strong>licet</strong></span> <span class='ocrx_word' id='word_1_210' title='bbox 756 3037 827 3101; x_wconf 86' lang='lat' dir='ltr'><strong>fore</strong></span> <span class='ocrx_word' id='word_1_211' title='bbox 854 3041 892 3102; x_wconf 90' lang='lat' dir='ltr'><strong>ut</strong></span> <span class='ocrx_word' id='word_1_212' title='bbox 919 3041 1068 3102; x_wconf 86' lang='lat' dir='ltr'><strong>cessante</strong></span> <span class='ocrx_word' id='word_1_213' title='bbox 1090 3038 1228 3102; x_wconf 87' lang='lat' dir='ltr'><strong>necessi·</strong></span> 
     </span>
     <span class='ocr_line' id='line_1_27' title="bbox 134 3135 1229 3230; baseline 0.005 -26"><span class='ocrx_word' id='word_1_214' title='bbox 134 3135 306 3205; x_wconf 79' lang='lat' dir='ltr'><strong>lorursum</strong></span> <span class='ocrx_word' id='word_1_215' title='bbox 329 3142 483 3206; x_wconf 89' lang='lat' dir='ltr'><strong>terricula</strong></span> <span class='ocrx_word' id='word_1_216' title='bbox 506 3142 564 3207; x_wconf 87' lang='lat' dir='ltr'><strong>illu</strong></span> <span class='ocrx_word' id='word_1_217' title='bbox 592 3143 797 3226; x_wconf 88' lang='lat' dir='ltr'><strong>aboleantur,</strong></span> <span class='ocrx_word' id='word_1_218' title='bbox 824 3166 904 3229; x_wconf 90' lang='lat' dir='ltr'><strong>quae</strong></span> <span class='ocrx_word' id='word_1_219' title='bbox 933 3144 1082 3230; x_wconf 81' lang='lat' dir='ltr'><strong>suspicax</strong></span> <span class='ocrx_word' id='word_1_220' title='bbox 1111 3145 1229 3210; x_wconf 91' lang='lat' dir='ltr'><strong>sollici·</strong></span> 
     </span>
     <span class='ocr_line' id='line_1_28' title="bbox 134 3242 1229 3316; baseline 0.005 -5"><span class='ocrx_word' id='word_1_221' title='bbox 134 3242 166 3311; x_wconf 84' lang='lat' dir='ltr'><strong>do</strong></span> <span class='ocrx_word' id='word_1_222' title='bbox 192 3247 364 3312; x_wconf 91' lang='lat' dir='ltr'><strong>coniuncta</strong></span> <span class='ocrx_word' id='word_1_223' title='bbox 392 3271 461 3314; x_wconf 89' lang='lat' dir='ltr'><strong>esse</strong></span> <span class='ocrx_word' id='word_1_224' title='bbox 484 3271 557 3314; x_wconf 92' lang='lat' dir='ltr'><strong>cum</strong></span> <span class='ocrx_word' id='word_1_225' title='bbox 581 3271 691 3315; x_wconf 87' lang='lat' dir='ltr'><strong>recens</strong></span> <span class='ocrx_word' id='word_1_226' title='bbox 713 3250 866 3316; x_wconf 89' lang='lat' dir='ltr'><strong>instituto</strong></span> <span class='ocrx_word' id='word_1_227' title='bbox 891 3273 1023 3316; x_wconf 87' lang='lat' dir='ltr'><strong>munere</strong></span> <span class='ocrx_word' id='word_1_228' title='bbox 1045 3251 1229 3316; x_wconf 90' lang='lat' dir='ltr'><strong>commissa·</strong></span> 
     </span>
     <span class='ocr_line' id='line_1_29' title="bbox 134 3355 1228 3424; baseline 0.005 -7"><span class='ocrx_word' id='word_1_229' title='bbox 134 3371 206 3419; x_wconf 88' lang='lat' dir='ltr'><strong>uum</strong></span> <span class='ocrx_word' id='word_1_230' title='bbox 231 3355 560 3420; x_wconf 84' lang='lat' dir='ltr'><strong>extraordinariorum</strong></span> <span class='ocrx_word' id='word_1_231' title='bbox 584 3356 697 3422; x_wconf 85' lang='lat' dir='ltr'><strong>voluit.</strong></span> <span class='ocrx_word' id='word_1_232' title='bbox 743 3357 887 3422; x_wconf 78' lang='lat' dir='ltr'><strong>Acuius</strong></span> <span class='ocrx_word' id='word_1_233' title='bbox 915 3358 1058 3422; x_wconf 90' lang='lat' dir='ltr'><strong>muueris</strong></span> <span class='ocrx_word' id='word_1_234' title='bbox 1082 3359 1228 3424; x_wconf 83' lang='lat' dir='ltr'><strong>novitate</strong></span> 
     </span>
     <span class='ocr_line' id='line_1_30' title="bbox 134 3459 1227 3548; baseline 0.005 -23"><span class='ocrx_word' id='word_1_235' title='bbox 134 3459 151 3525; x_wconf 82' lang='lat' dir='ltr'><strong>ti</strong></span> <span class='ocrx_word' id='word_1_236' title='bbox 175 3461 288 3545; x_wconf 89' lang='lat' dir='ltr'><strong>nequit</strong></span> <span class='ocrx_word' id='word_1_237' title='bbox 316 3466 474 3546; x_wconf 90' lang='lat' dir='ltr'><strong>quantum</strong></span> <span class='ocrx_word' id='word_1_238' title='bbox 500 3461 599 3526; x_wconf 84' lang='lat' dir='ltr'><strong>distet</strong></span> <span class='ocrx_word' id='word_1_239' title='bbox 621 3463 864 3548; x_wconf 85' lang='lat' dir='ltr'><strong>sapientissimo</strong></span> <span class='ocrx_word' id='word_1_240' title='bbox 888 3463 1063 3548; x_wconf 88' lang='lat' dir='ltr'><strong>codemque</strong></span> <span class='ocrx_word' id='word_1_241' title='bbox 1087 3465 1227 3530; x_wconf 89' lang='lat' dir='ltr'><strong>saluber-</strong></span> 
     </span>
     <span class='ocr_line' id='line_1_31' title="bbox 134 3568 1228 3657; baseline 0.003 -23"><span class='ocrx_word' id='word_1_242' title='bbox 134 3587 168 3634; x_wconf 84' lang='lat' dir='ltr'><strong>uo</strong></span> <span class='ocrx_word' id='word_1_243' title='bbox 190 3568 326 3635; x_wconf 91' lang='lat' dir='ltr'><strong>consilio</strong></span> <span class='ocrx_word' id='word_1_244' title='bbox 351 3589 416 3633; x_wconf 91' lang='lat' dir='ltr'><strong>non</strong></span> <span class='ocrx_word' id='word_1_245' title='bbox 440 3574 553 3634; x_wconf 88' lang='lat' dir='ltr'><strong>nostra</strong></span> <span class='ocrx_word' id='word_1_246' title='bbox 570 3568 700 3634; x_wconf 89' lang='lat' dir='ltr'><strong>demum</strong></span> <span class='ocrx_word' id='word_1_247' title='bbox 719 3574 825 3635; x_wconf 89' lang='lat' dir='ltr'><strong>aetate</strong></span> <span class='ocrx_word' id='word_1_248' title='bbox 844 3570 1066 3654; x_wconf 87' lang='lat' dir='ltr'><strong>constitutum,</strong></span> <span class='ocrx_word' id='word_1_249' title='bbox 1090 3570 1145 3636; x_wconf 91' lang='lat' dir='ltr'><strong>sed</strong></span> <span class='ocrx_word' id='word_1_250' title='bbox 1164 3573 1228 3657; x_wconf 88' lang='lat' dir='ltr'><strong>pri-</strong></span> 
     </span>
     <span class='ocr_line' id='line_1_32' title="bbox 134 3676 1228 3759; baseline 0.005 -20"><span class='ocrx_word' id='word_1_251' title='bbox 134 3695 157 3740; x_wconf 88' lang='lat' dir='ltr'><strong>n</strong></span> <span class='ocrx_word' id='word_1_252' title='bbox 180 3678 372 3759; x_wconf 90' lang='lat' dir='ltr'><strong>usurpatum</strong></span> <span class='ocrx_word' id='word_1_253' title='bbox 395 3676 663 3741; x_wconf 87' lang='lat' dir='ltr'><strong>cancellariorum</strong></span> <span class='ocrx_word' id='word_1_254' title='bbox 687 3676 738 3741; x_wconf 83' lang='lat' dir='ltr'><strong>vel</strong></span> <span class='ocrx_word' id='word_1_255' title='bbox 767 3680 952 3742; x_wconf 88' lang='lat' dir='ltr'><strong>curatorum</strong></span> <span class='ocrx_word' id='word_1_256' title='bbox 975 3699 1107 3743; x_wconf 76' lang='lat' dir='ltr'><strong>mimus:</strong></span> <span class='ocrx_word' id='word_1_257' title='bbox 1137 3679 1228 3745; x_wconf 90' lang='lat' dir='ltr'><strong>cuius</strong></span> 
     </span>
     <span class='ocr_line' id='line_1_33' title="bbox 134 3781 1230 3871; baseline 0.005 -24"><span class='ocrx_word' id='word_1_258' title='bbox 134 3784 207 3847; x_wconf 82' lang='lat' dir='ltr'><strong>aute</strong></span> <span class='ocrx_word' id='word_1_259' title='bbox 233 3783 279 3847; x_wconf 90' lang='lat' dir='ltr'><strong>sit</strong></span> <span class='ocrx_word' id='word_1_260' title='bbox 305 3781 557 3866; x_wconf 87' lang='lat' dir='ltr'><strong>commendatio,</strong></span> <span class='ocrx_word' id='word_1_261' title='bbox 588 3783 761 3849; x_wconf 87' lang='lat' dir='ltr'><strong>luculentis</strong></span> <span class='ocrx_word' id='word_1_262' title='bbox 788 3783 958 3868; x_wconf 86' lang='lat' dir='ltr'><strong>exemplis,</strong></span> <span class='ocrx_word' id='word_1_263' title='bbox 992 3788 1028 3848; x_wconf 92' lang='lat' dir='ltr'><strong>ut</strong></span> <span class='ocrx_word' id='word_1_264' title='bbox 1054 3784 1088 3849; x_wconf 92' lang='lat' dir='ltr'><strong>in</strong></span> <span class='ocrx_word' id='word_1_265' title='bbox 1116 3787 1230 3871; x_wconf 88' lang='lat' dir='ltr'><strong>paucis</strong></span> 
     </span>
     <span class='ocr_line' id='line_1_34' title="bbox 134 3874 1230 3977; baseline 0.003 -22"><span class='ocrx_word' id='word_1_266' title='bbox 134 3874 277 3973; x_wconf 69' lang='lat' dir='ltr'><strong>nietam,</strong></span> <span class='ocrx_word' id='word_1_267' title='bbox 308 3888 398 3953; x_wconf 85' lang='lat' dir='ltr'><strong>velut</strong></span> <span class='ocrx_word' id='word_1_268' title='bbox 425 3888 511 3954; x_wconf 92' lang='lat' dir='ltr'><strong>alma</strong></span> <span class='ocrx_word' id='word_1_269' title='bbox 539 3888 680 3974; x_wconf 82' lang='lat' dir='ltr'><strong>Georgia</strong></span> <span class='ocrx_word' id='word_1_270' title='bbox 707 3888 871 3974; x_wconf 79' lang='lat' dir='ltr'><strong>Augusta,</strong></span> <span class='ocrx_word' id='word_1_271' title='bbox 899 3888 1230 3977; x_wconf 67' lang='lat' dir='ltr'><strong>liuperto-carolina,</strong></span> 
     </span>
     <span class='ocr_line' id='line_1_35' title="bbox 134 3995 1228 4081; baseline 0.003 -19"><span class='ocrx_word' id='word_1_272' title='bbox 134 3995 270 4079; x_wconf 84' lang='lat' dir='ltr'><strong>duricia,</strong></span> <span class='ocrx_word' id='word_1_273' title='bbox 284 3995 463 4062; x_wconf 84' lang='lat' dir='ltr'><strong>Fridericia</strong></span> <span class='ocrx_word' id='word_1_274' title='bbox 478 3995 652 4060; x_wconf 87' lang='lat' dir='ltr'><strong>Guilelmia</strong></span> <span class='ocrx_word' id='word_1_275' title='bbox 666 4000 837 4081; x_wconf 87' lang='lat' dir='ltr'><strong>testantur,</strong></span> <span class='ocrx_word' id='word_1_276' title='bbox 851 3997 1079 4062; x_wconf 87' lang='lat' dir='ltr'><strong>illustrissimis</strong></span> <span class='ocrx_word' id='word_1_277' title='bbox 1094 3997 1228 4065; x_wconf 91' lang='lat' dir='ltr'><strong>Munch·</strong></span> 
     </span>
     <span class='ocr_line' id='line_1_36' title="bbox 134 4096 1229 4188; baseline 0.002 -19"><span class='ocrx_word' id='word_1_278' title='bbox 134 4103 248 4185; x_wconf 74' lang='lat' dir='ltr'><strong>monii,</strong></span> <span class='ocrx_word' id='word_1_279' title='bbox 278 4096 461 4187; x_wconf 82' lang='lat' dir='ltr'><strong>Brundisii,</strong></span> <span class='ocrx_word' id='word_1_280' title='bbox 492 4101 740 4188; x_wconf 86' lang='lat' dir='ltr'><strong>Reizsnsteinii,</strong></span> <span class='ocrx_word' id='word_1_281' title='bbox 772 4103 992 4187; x_wconf 87' lang='lat' dir='ltr'><strong>Grollmauni,</strong></span> <span class='ocrx_word' id='word_1_282' title='bbox 1020 4102 1229 4171; x_wconf 90' lang='lat' dir='ltr'><strong>Humboldtii</strong></span> 
     </span>
     <span class='ocr_line' id='line_1_37' title="bbox 134 4208 1230 4295; baseline 0.002 -18"><span class='ocrx_word' id='word_1_283' title='bbox 134 4208 271 4277; x_wconf 87' lang='lat' dir='ltr'><strong>niuibus</strong></span> <span class='ocrx_word' id='word_1_284' title='bbox 298 4211 367 4275; x_wconf 87' lang='lat' dir='ltr'><strong>iure</strong></span> <span class='ocrx_word' id='word_1_285' title='bbox 396 4212 575 4295; x_wconf 89' lang='lat' dir='ltr'><strong>meritoque</strong></span> <span class='ocrx_word' id='word_1_286' title='bbox 603 4210 791 4295; x_wconf 84' lang='lat' dir='ltr'><strong>gloriantes.</strong></span> <span class='ocrx_word' id='word_1_287' title='bbox 836 4209 874 4274; x_wconf 91' lang='lat' dir='ltr'><strong>lu</strong></span> <span class='ocrx_word' id='word_1_288' title='bbox 902 4210 1019 4294; x_wconf 91' lang='lat' dir='ltr'><strong>quibus</strong></span> <span class='ocrx_word' id='word_1_289' title='bbox 1048 4212 1126 4276; x_wconf 84' lang='lat' dir='ltr'><strong>viris</strong></span> <span class='ocrx_word' id='word_1_290' title='bbox 1155 4236 1230 4280; x_wconf 92' lang='lat' dir='ltr'><strong>cum</strong></span> 
     </span>
     <span class='ocr_line' id='line_1_38' title="bbox 134 4316 1230 4402; baseline 0.003 -18"><span class='ocrx_word' id='word_1_291' title='bbox 134 4346 136 4357; x_wconf 93' lang='lat'><em>·</em></span> <span class='ocrx_word' id='word_1_292' title='bbox 168 4316 272 4384; x_wconf 80' lang='lat' dir='ltr'><strong>fuerit</strong></span> <span class='ocrx_word' id='word_1_293' title='bbox 301 4319 449 4402; x_wconf 83' lang='lat' dir='ltr'><strong>generosi</strong></span> <span class='ocrx_word' id='word_1_294' title='bbox 479 4318 580 4384; x_wconf 91' lang='lat' dir='ltr'><strong>animi</strong></span> <span class='ocrx_word' id='word_1_295' title='bbox 612 4316 792 4382; x_wconf 90' lang='lat' dir='ltr'><strong>liberalitas</strong></span> <span class='ocrx_word' id='word_1_296' title='bbox 825 4322 921 4402; x_wconf 88' lang='lat' dir='ltr'><strong>atque</strong></span> <span class='ocrx_word' id='word_1_297' title='bbox 953 4318 1078 4402; x_wconf 85' lang='lat' dir='ltr'><strong>gloriae</strong></span> <span class='ocrx_word' id='word_1_298' title='bbox 1108 4320 1230 4387; x_wconf 90' lang='lat' dir='ltr'><strong>nobilis</strong></span> 
     </span>
     <span class='ocr_line' id='line_1_39' title="bbox 134 4424 1231 4510; baseline 0.003 -18"><span class='ocrx_word' id='word_1_299' title='bbox 134 4424 261 4509; x_wconf 71' lang='lat' dir='ltr'><strong>idias,</strong></span> <span class='ocrx_word' id='word_1_300' title='bbox 296 4424 440 4510; x_wconf 86' lang='lat' dir='ltr'><strong>ipsarum</strong></span> <span class='ocrx_word' id='word_1_301' title='bbox 477 4432 585 4492; x_wconf 87' lang='lat' dir='ltr'><strong>autem</strong></span> <span class='ocrx_word' id='word_1_302' title='bbox 621 4425 806 4491; x_wconf 89' lang='lat' dir='ltr'><strong>litterarum</strong></span> <span class='ocrx_word' id='word_1_303' title='bbox 838 4445 912 4488; x_wconf 92' lang='lat' dir='ltr'><strong>cum</strong></span> <span class='ocrx_word' id='word_1_304' title='bbox 943 4424 1127 4492; x_wconf 84' lang='lat' dir='ltr'><strong>divinarum</strong></span> <span class='ocrx_word' id='word_1_305' title='bbox 1160 4432 1231 4495; x_wconf 90' lang='lat' dir='ltr'><strong>tum</strong></span> 
     </span>
    </p>
   </div>
   <div class='ocr_carea' id='block_1_4' title="bbox 0 0 1422 5034">
    <p class='ocr_par' dir='ltr' id='par_1_4' title="bbox 0 0 1422 5034">
     <span class='ocr_line' id='line_1_40' title="bbox 0 0 1422 5034; baseline 0 0"><span class='ocrx_word' id='word_1_306' title='bbox 0 0 1422 5034; x_wconf 95' lang='lat' dir='ltr'><strong> </strong></span> 
     </span>
    </p>
   </div>
  </div>
 </body>
</html>
