2836 5034
639 1055 759 1139 Xlll.

480 1228 683 1312 Orationes
711 1227 872 1313 latinae.

693 1554 720 1617 1.

138 1694 328 1761 raefatio
352 1692 397 1758 ad
416 1692 691 1758 defendendam
711 1693 754 1758 de
774 1690 847 1759 Oro
868 1699 905 1759 et
922 1692 1067 1759 Orione
1085 1716 1278 1761 commen·

134 1803 320 1868 itionem
344 1802 512 1867 muneris
536 1801 770 1885 professorii
798 1801 1108 1867 extraordinarii
1131 1801 1170 1866 in
1193 1801 1276 1867 nni·

134 1911 320 1976 ersitate
348 1909 568 1973 litterarum
598 1905 904 2008 Vratislaviensi
933 1909 1109 1996 suscepti
1137 1930 1279 1977 caussa

319 2017 381 2082 die
404 2015 468 2081 Vll
492 2039 533 2082 m.
555 2014 764 2081 Februarii
788 2038 816 2080 a
843 2016 928 2081 1834
950 2015 1096 2082 habita

213 2157 367 2224 Gratiam
394 2160 522 2243 praeter
549 2162 656 2223 cetera
683 2157 841 2242 intellego
870 2179 944 2223 cum
976 2158 1157 2227 habendam
1184 2157 1278 2225 vobis

134 2288 249 2348 ream,
278 2270 348 2330 tum
379 2269 518 2329 vestram
543 2264 623 2329 mihi
647 2286 717 2328 esse
740 2264 994 2348 implorandam,
1015 2267 1121 2330 rector
1152 2265 1278 2331 univer·

134 2373 239 2455 itatis
267 2372 447 2458 magnifice,
472 2376 602 2437 curator
633 2371 863 2456 illustrissime,
887 2372 1008 2439 decane
1031 2373 1171 2439 maxime
1190 2394 1279 2459 speo-

134 2479 258 2562 abilis,
289 2480 488 2564 professores
519 2487 552 2543 et
574 2477 723 2544 doctores
747 2479 1019 2559 aestimatissimi,
1041 2480 1280 2547 commilitones

134 2586 375 2666 inmanissimi,
399 2587 581 2650 litterarum
605 2587 750 2650 fautores
769 2586 971 2671 amplissimi.
1009 2585 1070 2662 Qui
1090 2609 1162 2652 cum
1182 2586 1279 2651 buius

134 2692 194 2757 liei
212 2693 465 2757 sollemnitatem
481 2698 590 2757 vestra
604 2693 785 2776 praesentia
803 2692 1014 2757 condecorare
1029 2715 1094 2757 non
1113 2691 1279 2776 dedignati

134 2798 221 2881 ritis,
250 2805 317 2864 tam
342 2821 504 2884 propensa
527 2800 560 2863 in
586 2822 637 2863 me
661 2798 830 2863 voluntate
862 2804 894 2863 et
923 2799 1158 2864 incredibiliter
1186 2799 1278 2863 vobis

134 2903 322 2971 obstrictum
352 2929 457 2970 meum
486 2908 631 2970 animum
661 2907 779 2970 tenetis
808 2897 853 2971 et'
870 2906 1196 2971 benevolentissimae
1225 2927 1279 2990 pa·

134 3008 264 3076 b'entiae
288 3015 469 3098 exemplum
493 3013 639 3077 edidistis
664 3013 749 3077 baud
775 3013 916 3097 vulgare.
963 3013 1092 3096 Quippe
1115 3013 1142 3077 si
1166 3013 1207 3077 ab
1230 3011 1278 3077 eis

142 3121 275 3185 restmm
294 3143 463 3204 recessero,
487 3121 677 3205 quibuscum
697 3121 916 3185 communium
939 3118 1120 3186 studiorum
1139 3119 1279 3184 necessi·

134 3221 217 3289 ,mdo
247 3228 325 3292 mibi
359 3228 530 3293 intercedit
563 3229 774 3310 suavissima,
811 3228 942 3311 reliquis
973 3227 1041 3292 fere
1074 3251 1138 3294 non
1172 3230 1280 3310 polest

134 3328 217 3453 petrin
242 3355 354 3416 parum
382 3334 608 3400 oblectationis
637 3336 743 3418 pariat
767 3335 838 3418 ipsa
861 3336 1046 3419 argumenti
1071 3335 1231 3416 munitas,
1260 3354 1280 3397 a

134 3432 296 3537 p-'wmmuni
326 3462 386 3504 usu
410 3442 519 3525 paullo
543 3442 739 3507 remotioris.
785 3440 876 3516 Quod
900 3447 1008 3505 mmen
1033 3447 1161 3506 tantum
1185 3439 1279 3505 abest

134 3543 280 3618 'mnam
309 3555 346 3612 ut
368 3549 585 3613 excusandum
609 3555 734 3632 putem,
763 3556 799 3612 ut
827 3549 950 3632 optima
974 3547 1184 3613 rationeniti
1208 3569 1280 3611 sen·

154 3636 226 3716 inu.
268 3654 356 3720 Haec
381 3656 481 3739 igitur
505 3655 610 3740 qualis
634 3658 720 3721 ratio
744 3657 801 3737 sit,
830 3657 967 3739 primum
991 3654 1177 3720 declarabo:
1206 3661 1281 3739 post

150 3760 294 3827 uomodo
319 3763 502 3848 argumenti
527 3763 671 3828 taedium
695 3763 773 3826 illud
798 3762 914 3844 levare,
937 3763 964 3826 si
989 3761 1085 3827 modo
1109 3765 1281 3846 possimus,

142 3851 170 3908 ‘i
183 3866 292 3952 &liqna
306 3876 391 3932 certe
405 3891 443 3933 ex
463 3876 555 3952 parte
570 3891 778 3954 compensare
793 3870 1064 3951 constituerimus,
1083 3869 1280 3953 significabo.

136 3947 183 4021 Ast
210 3980 334 4041 tantum
358 3975 487 4059 quidem
510 3975 641 4040 concedi
666 3999 730 4040 uno
754 3998 809 4039 ore
832 3976 942 4056 credo,
964 3998 1028 4040 non
1053 3975 1118 4040 alio
1142 3977 1279 4041 consilio

134 4044 222 4145 huuc
239 4083 366 4165 publice
387 4082 547 4147 scribendi
572 4083 758 4166 scriptaque
783 4081 971 4148 defendendi
996 4104 1117 4147 morem
1141 4082 1280 4166 antiqui·

134 4156 191 4242 h³¹¹³
215 4211 307 4273 posse
330 4191 488 4255 sancitum
513 4211 596 4271 esse,
625 4190 688 4253 nisi
714 4189 790 4270 boc,
815 4196 863 4271 nt,
892 4189 977 4273 quod
1002 4189 1074 4273 quis
1098 4189 1131 4252 in
1156 4189 1280 4253 littera·

134 4281 210 4359 *lun
230 4297 440 4360 universitate
458 4296 621 4379 publicum
647 4319 760 4359 munus
780 4297 1016 4378 capessivisret,
1039 4297 1067 4358 ei
1091 4295 1281 4360 sustinendo

134 4392 165 4445 ιθ
202 4426 314 4488 parem
346 4403 477 4487 publico
510 4403 587 4467 item
621 4403 811 4467 testimonio
844 4401 1004 4485 proderet.
1049 4400 1138 4466 llaec
1170 4406 1279 4468 autem

1011 4503 1065 4559 so*
