2886 5032
129 313 193 376 568
219 325 383 374 nonanus
403 324 446 371 an
466 323 538 370 nnn
557 313 714 370 luscini:
734 321 806 370 von
825 304 1046 370 xnuornou’s
1064 320 1219 368 insanus.

130 471 185 536 sed
210 470 369 534 delectum
393 466 459 531 acri
482 465 602 531 iudicio
626 488 664 530 ex
688 464 777 530 omni
796 464 977 548 scripturae
994 465 1165 551 farragine,
1184 463 1245 548 quic·

131 576 208 661 quid
232 574 284 638 vel
312 573 354 637 ad
376 572 612 657 intellegendas
642 571 810 657 scriptoris
841 572 1022 638 sententias
1053 573 1104 636 vel
1133 570 1170 636 ad
1197 591 1245 654 pcr-

131 681 309 747 uoscendas
339 678 612 763 addiscendasqne
640 679 728 762 leges
755 679 887 764 linguae
917 679 1147 765 grammaticas
1167 678 1247 741 facere

131 789 307 852 videretur:
335 786 368 851 id
392 785 479 869 quod
502 786 536 849 in
560 786 751 852 scholastica
774 787 946 872 disciplina
969 786 1179 852 cummaxime
1200 804 1249 848 esse

132 893 344 979 spectandum
375 913 487 957 omnes
520 895 733 960 consentiunt.
785 893 888 980 Atqui
919 893 1001 959 illud
1033 893 1175 978 proiecto
1204 910 1251 954 nou

132 1002 253 1087 poterit
281 999 455 1082 opprobrio
479 1000 576 1084 verti,
603 1001 689 1084 quod
713 1023 788 1086 pars
812 1022 937 1084 eorum,
960 1022 1043 1086 quae
1066 1001 1142 1066 huic
1163 1001 1253 1065 nosco

132 1109 283 1173 instituto
307 1105 463 1170 inservire
487 1106 657 1190 voluimus,
681 1112 796 1192 suapte
814 1111 932 1172 natura
951 1108 1050 1172 etiam
1070 1107 1111 1172 ad
1130 1107 1255 1171 criticum

133 1236 235 1301 genus
269 1213 424 1297 pertinet:
457 1213 490 1276 in
522 1213 675 1299 pleraque
707 1236 747 1279 ne
777 1215 839 1280 hoo
870 1214 999 1299 quidem
1031 1213 1127 1279 cadit.
1171 1210 1258 1288 Quid?

133 1322 218 1406 quod
241 1318 397 1404 quasdam
421 1319 599 1405 scripturas
616 1305 850 1387 annotavimus
873 1325 983 1407 aperte
1007 1320 1119 1404 falsas,
1141 1321 1261 1384 vocabu·

133 1429 239 1493 lorum
263 1427 385 1492 formas
408 1447 448 1489 ne
468 1424 608 1492 Graecas
632 1427 771 1512 quidem,
794 1428 850 1493 sed
873 1450 1012 1513 quarum
1036 1427 1160 1512 species
1183 1426 1265 1491 facile

133 1535 227 1599 fallat
254 1533 436 1617 imperitos,
464 1535 635 1599 verborum
663 1539 842 1600 structuras
870 1536 1006 1602 vitiosas
1036 1535 1167 1620 quidem
1196 1535 1268 1617 illas,

134 1639 189 1705 sed
217 1662 273 1705 our
301 1640 368 1704 sint
396 1639 534 1705 vitiosae
561 1642 632 1724 ipsa
655 1642 762 1707 forma
783 1664 849 1707 non
872 1642 1054 1726 prodentes.
1101 1640 1269 1726 Quodque

135 1748 269 1812 consilio
293 1747 414 1811 factum
439 1745 497 1830 sit,
524 1753 664 1813 nonest
694 1748 824 1813 difficile
848 1748 888 1812 sd
912 1748 1160 1834 assequendum.
1204 1748 1270 1814 ute·

134 1855 201 1919 uim
225 1855 428 1937 propositum
450 1853 513 1919 hoc
534 1855 606 1938 fuit,
629 1860 674 1938 ut,
697 1854 851 1939 aquibus
870 1853 1098 1939 Xenophontis
1119 1855 1272 1921 Anabasis

135 1960 270 2025 tractari
300 1958 397 2042 solet,
426 1960 481 2045 qui
506 1963 584 2025 sunt
606 1960 672 2026 fere
696 1962 811 2026 tertiae
839 1961 953 2057 classis
980 1962 1149 2047 discipuli,
1177 1962 1272 2027 abiis

135 2067 344 2152 consignatae
372 2067 406 2131 iu
435 2067 582 2152 margine
611 2068 790 2152 scripturae
819 2068 1069 2154 diligentissime
1094 2069 1185 2135 domi
1208 2091 1272 2155 pcn-

135 2175 324 2255 sitarentur,
353 2195 425 2238 cnm
448 2175 586 2258 receptis
610 2180 891 2260 compararentur,
918 2176 1004 2240 iuter
1028 2180 1186 2261 utrasque
1210 2173 1274 2262 quid

135 2281 349 2346 intercederet
368 2281 564 2346 discriminis
589 2287 762 2367 erueretur,
785 2286 878 2348 utrae
902 2283 984 2348 utris
1007 2289 1218 2366 praestarent
1238 2285 1275 2349 iu·

136 2390 305 2472 dicaretur,
328 2387 507 2472 harumque
526 2388 774 2454 meditationum
792 2390 877 2455 ratio
896 2389 1085 2454 redderetur
1104 2380 1286 2457 sciscitant-¹

78 2526 125 2566 vn
140 2496 306 2582 magistro.
345 2493 437 2570 Quod
461 2517 533 2559 cum
556 2496 625 2560 fieri
643 2501 790 2581 nequeat,
813 2497 876 2561 nisi
900 2497 927 2561 si
951 2495 1047 2561 modo
1072 2497 1115 2562 ad
1144 2499 1290 2585 logicam..

135 2602 303 2687 cogitandi
333 2623 479 2667 normam
511 2603 674 2667 sententia
704 2602 866 2689 exigatur,
896 2603 1005 2686 modo,
1035 2625 1183 2687 quonam
1214 2627 1276 2672 cun

137 2732 194 2774 suo
219 2731 363 2793 quaeque
388 2709 459 2772 loco
483 2709 697 2791 grammatico
722 2708 870 2793 singulae
890 2710 1061 2775 verborum
1082 2712 1136 2775 vel
1162 2713 1277 2778 formae

136 2818 187 2880 vel
215 2815 471 2880 constructiones
499 2815 628 2879 vinculo
657 2816 895 2894 contineantur,
924 2819 1114 2899 quaeratur:
1144 2821 1277 2903 speravi·

137 2945 207 2986 mus
231 2922 300 2986 fore
324 2926 368 3003 ut,
393 2921 516 2985 sollerti
539 2921 668 3004 quidem
692 2927 900 3006 praeceptore
923 2923 1055 2986 illarum
1079 2927 1277 2990 exercitatio

136 3052 212 3094 num
238 3027 316 3092 duce
341 3032 373 3091 et
397 3027 615 3112 moderatore,
644 3034 676 3093 et
704 3029 871 3114 ingenium
895 3030 1088 3094 discentium
1115 3050 1279 3098 acueretur

136 3158 201 3199 nou
230 3135 435 3199 mediocriter
463 3137 497 3198 et
522 3136 603 3199 satis
631 3136 774 3220 locuples
804 3138 845 3200 ab
869 3137 909 3200 iis
934 3147 1182 3221 compararetur
1206 3142 1278 3206 artis

136 3241 368 3327 grammaticae
388 3242 535 3325 facultas,
559 3264 596 3306 ac
616 3243 749 3306 minimo
770 3242 898 3326 quidem
917 3244 996 3307 illud
1016 3242 1030 3324 (
1032 3245 1065 3310 id
1086 3248 1175 3331 qnod
1196 3272 1277 3333 spec·
1315 3234 1317 3283 ¹

137 3349 269 3413 tandum
298 3347 359 3412 fuit
386 3352 514 3430 praeter
538 3346 659 3434 cetera)
683 3348 869 3413 chartarum
894 3349 1069 3432 dispendio.
1118 3353 1275 3432 Quocirca,

137 3480 209 3522 cum
232 3456 336 3540 primo
361 3456 394 3518 in
418 3455 489 3519 loco
513 3456 582 3519 inre
608 3461 747 3538 ponatur
772 3456 1017 3520 accuratissima
1043 3462 1190 3543 cognitio
1215 3466 1272 3542 ety-

136 3564 316 3648 mologicae
340 3562 456 3646 partis,
484 3563 520 3625 in
543 3562 604 3625 hoc
626 3582 744 3646 genere
769 3562 889 3625 versati
912 3584 1022 3628 sumus
1046 3565 1221 3650 imprimis,
1241 3587 1269 3630 ar

138 3671 226 3733 locos
250 3670 453 3752 praecipuos,
476 3668 531 3751 qui
556 3673 632 3743 sunt
656 3668 694 3731 de
718 3668 916 3751 accentibus,
945 3668 984 3732 de
1008 3669 1172 3757 dialectis,
1194 3672 1267 3737 Atti·

48 3792 50 3796 ’
137 3798 248 3839 corum
272 3777 476 3858 potissimum
500 3775 707 3859 proprietate,
730 3775 768 3838 de
788 3775 955 3840 nominum
973 3776 1209 3864 verborumque
1225 3779 1264 3841 de

137 3881 321 3963 clinatione,
339 3881 378 3946 de
393 3882 621 3946 vocabulorum
640 3881 834 3947 formatione
854 3888 887 3946 et
905 3884 1149 3970 compositione,
1166 3887 1261 3949 idonea

138 3988 355 4071 exemplorum
386 3987 591 4052 multitudiue
619 3989 765 4053 videmur
795 3991 953 4073 persecuti
985 4011 1064 4055 esse
1115 3991 1174 4056 Sed
1200 4010 1258 4073 quo

136 4096 234 4177 niam,
258 4098 293 4158 ut
316 4095 482 4177 praeclara
506 4095 600 4158 hodic
624 4099 674 4158 est
696 4096 780 4160 ratio
804 4097 998 4177 scholarum,
1021 4120 1061 4162 ne
1083 4096 1256 4181 synucuue

137 4200 265 4283 quidem
291 4201 456 4266 doctrinae
488 4203 640 4266 tractatio
665 4203 770 4268 aliena
794 4209 843 4269 est
867 4206 907 4269 ab
932 4226 1044 4269 eorum
1068 4203 1255 4272 institutione,

138 4308 253 4391 quibus
278 4309 418 4373 traditur
442 4309 617 4391 AnabasiS,
646 4310 721 4374 huic
749 4332 875 4397 quoque
899 4312 1009 4395 generi
1033 4312 1120 4377 haud
1143 4310 1253 4375 illibera-

138 4415 213 4479 liter
237 4416 467 4481 consulendum
492 4439 560 4480 esse
584 4417 784 4499 putavimus:
809 4422 845 4481 ut
868 4417 1011 4482 habeant
1035 4416 1189 4503 discipuli,
1207 4426 1251 4494 quo
