2836 5034
436 364 704 415 sununsmours
730 366 937 417 eosvrmss.
1195 346 1262 417 319

158 508 259 575 6610
273 526 381 577 6666
400 544 433 567 ··
452 528 502 576 mr
525 534 585 597 pro
598 511 820 599 66661166),
842 534 871 577 v.
885 512 1101 591 turmo
1118 542 1129 565 ·
1145 530 1263 579 serua

158 614 298 703 1666666
314 616 437 685 similia
454 641 483 683 r.
501 618 578 685 264.
598 619 676 684 406.
696 620 773 685 428.
794 619 871 685 466.
893 618 969 684 506.
991 618 1066 685 637.
1089 620 1165 685 642.
1187 620 1263 685 643.

159 722 212 807 tt,
234 722 303 790 alia
347 722 412 791 Sed
444 726 599 793 etiamsi
629 726 713 793 tslia
737 726 840 792 missa
866 724 997 811 feceris,
1027 746 1111 811 quas
1140 724 1263 791 nemini

159 827 230 897 brodi
239 830 347 897 intare
358 830 435 916 sint,
457 834 491 897 et
503 831 539 897 in
552 831 600 899 sis
615 832 800 898 substiteris
815 854 898 918 qnae
911 831 1105 918 antiquioris
1123 828 1263 916 exempli

160 934 201 1001 te
220 936 367 1004 librarius
399 939 591 1025 propagsrit
621 939 675 1006 rel
709 958 908 1026 propsgasae
939 938 1088 1005 videatur
1119 936 1262 1025 (quando

160 1043 223 1109 ub
243 1042 322 1111 haee
347 1045 468 1112 tinibus
494 1046 722 1113 disterminare
749 1044 910 1131 difficile),
937 1046 1077 1112 maltum
1099 1046 1194 1111 abest
1215 1050 1261 1129 ut,

159 1166 223 1231 μι
239 1150 475 1219 Ambrosianus
502 1154 723 1221 reeensionem
750 1152 936 1221 fabularum
959 1152 1184 1219 Plautinarom
1212 1174 1262 1219 se-

159 1254 239 1341 !dur,
259 1259 442 1344 apristins
462 1259 654 1345 integritate
675 1282 740 1327 nou
764 1251 869 1327 dioam
892 1260 995 1344 nullo,
1018 1264 1054 1325 at
1075 1259 1193 1347 exigno
1215 1260 1262 1325 in·

134 1376 137 1453 j
160 1362 253 1431 hudo
266 1364 376 1432 distet
411 1364 498 1433 Nam
511 1371 550 1434 ut
562 1367 673 1453 666616
687 1366 967 1452 eomprehendam,
985 1366 1118 1433 omnino
1136 1366 1262 1433 nullum

134 1460 291 1557 {dgnus
313 1472 569 1560 deprsrationis,
596 1472 682 1560 quod
705 1475 737 1541 A
759 1496 828 1541 non
853 1478 911 1541 ant
937 1473 1050 1539 multis
1073 1472 1154 1541 loeis
1176 1496 1260 1539 eom·

134 1588 217 1653 ,ω
231 1600 304 1645 eum
327 1602 348 1657 γ
370 1580 403 1648 6.
424 1602 452 1647 6.
474 1580 629 1667 calliopii
650 1582 839 1648 reeensione
861 1580 991 1665 habeat,
1014 1579 1143 1647 duxerit
1159 1580 1263 1667 igitur

142 1682 321 1753 'ammoni
341 1686 434 1753 fonte
455 1709 491 1772 6,
518 1692 575 1754 666
603 1687 797 1775 quibusdam
819 1687 976 1809 exemplis
999 1687 1063 1755 sibi
1085 1686 1166 1755 adeo
1189 1710 1263 1773 pro·

134 1788 224 1867 ssim
248 1798 381 1879 praeter
406 1794 519 1879 1301),
548 1816 617 1861 666
643 1796 745 1882 igitur
771 1794 908 1863 stiam
898 1818 934 1861 1n
962 1800 981 1877 β
1007 1794 1087 1861 olim
1118 1798 1262 1863 exstans.

134 1884 217 1965 tunt
241 1922 317 1967 eam
345 1923 375 1966 r.
396 1902 462 1968 208
488 1901 636 1969 immisso
659 1900 858 1989 glossemate
880 1924 952 1969 666
976 1901 1138 1969 Palatinis
1159 1902 1262 1969 61666

134 1998 258 2089 'dqrrod
282 2029 343 2094 pro
363 2010 466 2075 66666
486 2010 575 2094 quid,
597 2008 755 2097 glisesnte
778 2013 890 2075 antem
912 2008 1164 2095 interpolatione
1187 2032 1260 2095 pro·

134 2108 204 2179 imo
222 2136 319 2181 versu
341 2117 414 2181 item
433 2118 538 2183 66666
557 2117 594 2182 id
611 2117 695 2199 qaod
714 2138 774 2203 pro
795 2118 899 2183 66666
917 2117 1001 2199 qaod
1020 2116 1111 2183 solus
1128 2116 1263 2184 exhibet

134 2220 210 2287 aide
235 2222 377 2288 notabili
403 2224 565 2309 exemplo:
594 2224 673 2289 item
700 2224 791 2290 solas
819 2224 907 2289 modo
931 2222 1032 2289 666116
1060 2246 1089 2290 r.
1111 2224 1174 2291 361
1201 2246 1262 2309 pro

134 2327 227 2413 alu,
255 2350 285 2394 r,
306 2328 374 2395 236
394 2350 428 2395 se
452 2332 624 2414 aperiant.
668 2330 731 2395 Vel
754 2352 828 2397 oum
849 2330 885 2397 in
905 2352 972 2395 nno
994 2330 1042 2415 A,
1063 2351 1146 2415 quse
1168 2330 1261 2397 Pala·

134 2432 176 2501 ἸΓ
197 2442 382 2521 manns,
404 2436 636 2521 desiderantur,
656 2458 683 2503 6.
706 2460 733 2503 o
753 2439 797 2503 eit
818 2437 894 2519 231,
911 2438 1019 2502 auimo
1041 2436 1117 2521 271,
1140 2438 1261 2521 ests,

134 2558 186 2607 666
206 2544 283 2626 523,
313 2565 370 2624 que
394 2544 469 2621 645,
498 2566 567 2628 erqo
591 2544 663 2625 756,
693 2546 721 2608 is
749 2548 793 2609 est
825 2544 922 2609 1072:
955 2564 1150 2627 quamquam
1180 2542 1260 2609 haee

134 2649 323 2733 potissimum
342 2652 451 2716 neseio
471 2675 512 2716 an
536 2652 648 2717 eodem
672 2652 740 2716 iure
763 2652 825 2716 soli
845 2651 1070 2735 neglegentiae
1090 2651 1261 2715 scribentis

134 2754 310 2822 hbuantur.
356 2759 430 2823 Non
457 2760 562 2824 minor
588 2782 741 2824 numerus
769 2766 820 2823 est
847 2780 1015 2842 perperam
1039 2759 1072 2822 in
1096 2760 1126 2821 A
1156 2763 1262 2822 trans·

137 2862 305 2943 positorum,
325 2869 361 2928 ut
378 2867 465 2929 corde
482 2887 547 2930 meo
567 2867 641 2950 223,
658 2868 746 2948 patri
763 2867 909 2930 66616616·
928 2866 1002 2947 358,
1024 2887 1072 2929 66
1089 2865 1144 2929 boc
1161 2887 1257 2929 6666
1275 2886 1315 2925 nx

134 2970 290 3036 ambior
318 2972 397 3053 394,
425 2974 558 3037 asisium
587 2994 648 3037 esse
677 2975 758 3056 456,
787 2974 878 3037 celere
906 2974 950 3036 sie
980 2973 1054 3055 668,
1083 2972 1179 3036 <mors
1210 2994 1262 3055 spo

134 3186 253 3247 setrmn
282 3191 421 3251 corruat.
466 3185 575 3251 Etiam
605 3187 644 3250 orl
677 3187 820 3270 integros
846 3210 955 3251 versus
983 3210 1084 3271 prava
1111 3192 1258 3269 transpo-

134 3285 192 3352 irio
215 3291 375 3373 pertinuit
398 3315 425 3356 v.
449 3294 501 3358 50.
526 3294 598 3357 163.
645 3293 711 3357 Neo
740 3299 911 3377 corruptae
934 3296 968 3359 iu
992 3293 1129 3376 singulis
1154 3294 1260 3357 verbis

134 3395 297 3479 sripturae
311 3399 459 3482 exempla
472 3400 597 3481 desunt,
617 3400 733 3483 quibus
749 3401 943 3483 integriores
960 3400 1125 3464 Palatinos
1144 3397 1279 3473 habea,

134 3522 201 3584 nus,
232 3523 292 3566 nee
321 3504 444 3568 leviora
470 3510 597 3570 tantum
621 3512 657 3571 ut
680 3507 781 3570 abiere
805 3528 862 3589 pro
885 3507 1026 3570 obierunt
1055 3529 1083 3570 v.
1107 3508 1181 3587 535,
1209 3507 1261 3570 66-

134 3608 211 3672 dne
234 3631 295 3691 pro
318 3632 422 3675 osrrm’s
444 3612 496 3691 23,
519 3612 583 3676 ill-ic
606 3633 664 3695 pro
689 3612 736 3675 illi
759 3614 833 3693 555,
857 3612 1030 3677 sedetiam
1050 3613 1130 3676 talia
1153 3613 1261 3696 quatio

134 3720 189 3779 unt
212 3717 320 3797 [61616
344 3717 416 3780 beru
437 3724 540 3781 66661
562 3740 619 3801 pro
646 3720 680 3783 di
707 3719 778 3783 use
807 3720 1028 3798 6666615112,
1053 3724 1085 3783 et
1108 3719 1259 3801 gravissi·

134 3842 199 3886 rum
225 3822 385 3907 omnium,
407 3824 491 3907 quod
511 3847 642 3907 prorsus
662 3826 786 3910 respuit
805 3831 983 3891 sententiae
1004 3826 1097 3905 ratio,
1119 3826 1263 3906 dmrispw

134 3926 317 4013 mmm)
335 3930 475 3994 omnibus·
495 3954 522 3994 v.
542 3931 606 3994 214
626 3954 684 4015 pro
703 3933 790 3995 bonis·
807 3934 862 4013 qui
879 3934 1037 3997 auertisset
1054 3934 1127 3997 suis.
1168 3932 1260 3997 Prae·

134 4059 197 4102 urea
223 4036 414 4101 universum
438 4057 539 4122 genus
563 4043 613 4102 est
636 4038 809 4121 quoddam,
833 4039 865 4103 in
885 4062 948 4123 quo
968 4062 1033 4104 non
1054 4039 1099 4103 sit
1117 4039 1262 4121 dubium,

134 4145 183 4211 rin
210 4141 370 4255 calliopii
394 4144 536 4208 reeensio
567 4144 703 4208 multum
728 4145 965 4210 Ambrosianus
991 4150 1146 4229 praestet:
1175 4147 1260 4229 6666

134 4288 327 4301 *ιη-,ῳ-

190 4377 220 4445 *)
246 4371 536 4446 [Immo-otieripem3
555 4374 590 4428 ot.
610 4378 709 4444 Opusc.
730 4375 798 4443 phil.
820 4376 842 4427 11
863 4394 890 4444 p.
911 4376 982 4441 426]

168 4466 213 4535 a)
235 4466 408 4533 [6666666
431 4484 458 4506 ··
479 4461 505 4515 h.
525 4478 548 4516 s.
569 4468 761 4549 66666666)
780 4466 842 4534 Asl.
