<?xml version="1.0" encoding="UTF-8"?>
<!DOCTYPE html PUBLIC "-//W3C//DTD XHTML 1.0 Transitional//EN"
    "http://www.w3.org/TR/xhtml1/DTD/xhtml1-transitional.dtd">
<html xmlns="http://www.w3.org/1999/xhtml" xml:lang="en" lang="en">
 <head>
  <title>
</title>
<meta http-equiv="Content-Type" content="text/html;charset=utf-8" />
  <meta name='ocr-system' content='tesseract 3.04.00' />
  <meta name='ocr-capabilities' content='ocr_page ocr_carea ocr_par ocr_line ocrx_word'/>
</head>
<body>
  <div class='ocr_page' id='page_1' title='image "./fridericiritsch00ritsgoog_0709.png"; bbox 0 0 2886 5032; ppageno 0'>
   <div class='ocr_carea' id='block_1_1' title="bbox 503 278 1296 344">
    <p class='ocr_par' dir='ltr' id='par_1_1' title="bbox 503 278 1296 344">
     <span class='ocr_line' id='line_1_1' title="bbox 503 278 1296 344; baseline 0.001 -2"><span class='ocrx_word' id='word_1_1' title='bbox 503 294 736 344; x_wconf 74' lang='lat' dir='ltr'>ua&#39;rmnmcna</span> <span class='ocrx_word' id='word_1_2' title='bbox 760 294 952 344; x_wconf 76' lang='lat' dir='ltr'>cumcurn.</span> <span class='ocrx_word' id='word_1_3' title='bbox 1232 278 1296 344; x_wconf 71' lang='lat'>687</span> 
     </span>
    </p>
   </div>
   <div class='ocr_carea' id='block_1_2' title="bbox 242 435 1146 629">
    <p class='ocr_par' dir='ltr' id='par_1_2' title="bbox 242 435 1146 629">
     <span class='ocr_line' id='line_1_2' title="bbox 242 435 1146 521; baseline 0.002 -21"><span class='ocrx_word' id='word_1_4' title='bbox 242 435 352 500; x_wconf 82' lang='lat' dir='ltr'>Parva</span> <span class='ocrx_word' id='word_1_5' title='bbox 375 437 543 501; x_wconf 84' lang='lat' dir='ltr'>licet-aiut</span> <span class='ocrx_word' id='word_1_6' title='bbox 564 438 639 521; x_wconf 87' lang='lat' dir='ltr'>ista,</span> <span class='ocrx_word' id='word_1_7' title='bbox 660 442 771 502; x_wconf 90' lang='lat' dir='ltr'>temen</span> <span class='ocrx_word' id='word_1_8' title='bbox 795 437 958 502; x_wconf 85' lang='lat' dir='ltr'>laudanda</span> <span class='ocrx_word' id='word_1_9' title='bbox 981 437 1146 503; x_wconf 78' lang='lat' dir='ltr'>voluntas:</span> 
     </span>
     <span class='ocr_line' id='line_1_3' title="bbox 318 543 1015 629; baseline 0.006 -23"><span class='ocrx_word' id='word_1_10' title='bbox 318 543 430 608; x_wconf 85' lang='lat' dir='ltr'>Placet</span> <span class='ocrx_word' id='word_1_11' title='bbox 452 547 486 608; x_wconf 91' lang='lat' dir='ltr'>et</span> <span class='ocrx_word' id='word_1_12' title='bbox 508 566 640 610; x_wconf 79' lang='lat' dir='ltr'>aversos</span> <span class='ocrx_word' id='word_1_13' title='bbox 663 545 773 610; x_wconf 88' lang='lat' dir='ltr'>hostia</span> <span class='ocrx_word' id='word_1_14' title='bbox 796 567 898 629; x_wconf 82' lang='lat' dir='ltr'>parva</span> <span class='ocrx_word' id='word_1_15' title='bbox 920 543 1015 610; x_wconf 81' lang='lat' dir='ltr'>Deos.</span> 
     </span>
    </p>
   </div>
   <div class='ocr_carea' id='block_1_3' title="bbox 713 939 742 1002">
    <p class='ocr_par' dir='ltr' id='par_1_3' title="bbox 713 939 742 1002">
     <span class='ocr_line' id='line_1_4' title="bbox 713 939 742 1002; baseline -0.069 0"><span class='ocrx_word' id='word_1_16' title='bbox 713 939 742 1002; x_wconf 78' lang='lat'>2.</span> 
     </span>
    </p>
   </div>
   <div class='ocr_carea' id='block_1_4' title="bbox 191 1076 1257 1290">
    <p class='ocr_par' dir='ltr' id='par_1_4' title="bbox 191 1076 1257 1290">
     <span class='ocr_line' id='line_1_5' title="bbox 191 1076 1257 1160; baseline 0.002 -20"><span class='ocrx_word' id='word_1_17' title='bbox 191 1076 510 1160; x_wconf 75' lang='lat' dir='ltr'>Epithalamium</span> <span class='ocrx_word' id='word_1_18' title='bbox 539 1081 576 1145; x_wconf 91' lang='lat' dir='ltr'>in</span> <span class='ocrx_word' id='word_1_19' title='bbox 604 1080 808 1146; x_wconf 85' lang='lat' dir='ltr'>Albertum</span> <span class='ocrx_word' id='word_1_20' title='bbox 837 1080 970 1145; x_wconf 87' lang='lat' dir='ltr'>ducem</span> <span class='ocrx_word' id='word_1_21' title='bbox 998 1077 1191 1145; x_wconf 89' lang='lat' dir='ltr'>Saxoniae</span> <span class='ocrx_word' id='word_1_22' title='bbox 1218 1084 1257 1143; x_wconf 90' lang='lat' dir='ltr'>et</span> 
     </span>
     <span class='ocr_line' id='line_1_6' title="bbox 370 1201 1087 1290; baseline 0.004 -25"><span class='ocrx_word' id='word_1_23' title='bbox 370 1201 586 1268; x_wconf 78' lang='lat' dir='ltr'><strong>Victoriam</strong></span> <span class='ocrx_word' id='word_1_24' title='bbox 611 1204 842 1269; x_wconf 79' lang='lat' dir='ltr'>Britanniae</span> <span class='ocrx_word' id='word_1_25' title='bbox 865 1202 1087 1290; x_wconf 84' lang='lat' dir='ltr'>reginam.*)</span> 
     </span>
    </p>
   </div>
   <div class='ocr_carea' id='block_1_5' title="bbox 564 1378 892 1445">
    <p class='ocr_par' dir='ltr' id='par_1_5' title="bbox 564 1378 892 1445">
     <span class='ocr_line' id='line_1_7' title="bbox 564 1378 892 1445; baseline -0.006 -10"><span class='ocrx_word' id='word_1_26' title='bbox 564 1379 595 1445; x_wconf 82' lang='lat' dir='ltr'>Q.</span> <span class='ocrx_word' id='word_1_27' title='bbox 614 1379 645 1437; x_wconf 92' lang='grc' dir='ltr'>Β.</span> <span class='ocrx_word' id='word_1_28' title='bbox 664 1380 694 1435; x_wconf 82' lang='lat' dir='ltr'>F.</span> <span class='ocrx_word' id='word_1_29' title='bbox 713 1380 743 1439; x_wconf 78' lang='lat' dir='ltr'>F.</span> <span class='ocrx_word' id='word_1_30' title='bbox 763 1379 793 1434; x_wconf 79' lang='lat' dir='ltr'>F.</span> <span class='ocrx_word' id='word_1_31' title='bbox 813 1379 846 1445; x_wconf 81' lang='lat' dir='ltr'>Q.</span> <span class='ocrx_word' id='word_1_32' title='bbox 865 1378 892 1433; x_wconf 87' lang='lat' dir='ltr'>S.</span> 
     </span>
    </p>
   </div>
   <div class='ocr_carea' id='block_1_6' title="bbox 191 1522 1126 3423">
    <p class='ocr_par' dir='ltr' id='par_1_6' title="bbox 191 1522 1126 3423">
     <span class='ocr_line' id='line_1_8' title="bbox 191 1522 936 1608; baseline -0.001 -21"><span class='ocrx_word' id='word_1_33' title='bbox 191 1522 289 1605; x_wconf 82' lang='lat' dir='ltr'>Ergo</span> <span class='ocrx_word' id='word_1_34' title='bbox 312 1523 466 1606; x_wconf 84' lang='lat' dir='ltr'>virgineis</span> <span class='ocrx_word' id='word_1_35' title='bbox 490 1526 626 1608; x_wconf 77' lang='lat' dir='ltr'>sceptris</span> <span class='ocrx_word' id='word_1_36' title='bbox 648 1546 764 1608; x_wconf 87' lang='lat' dir='ltr'>perere</span> <span class='ocrx_word' id='word_1_37' title='bbox 786 1524 936 1589; x_wconf 88' lang='lat' dir='ltr'>iuberent</span> 
     </span>
     <span class='ocr_line' id='line_1_9' title="bbox 267 1628 949 1716; baseline 0.004 -24"><span class='ocrx_word' id='word_1_38' title='bbox 267 1629 342 1694; x_wconf 88' lang='lat' dir='ltr'>Divi</span> <span class='ocrx_word' id='word_1_39' title='bbox 365 1628 547 1695; x_wconf 78' lang='lat' dir='ltr'>Senonibus</span> <span class='ocrx_word' id='word_1_40' title='bbox 572 1630 702 1695; x_wconf 89' lang='lat' dir='ltr'>condita</span> <span class='ocrx_word' id='word_1_41' title='bbox 724 1651 825 1716; x_wconf 81' lang='lat' dir='ltr'>regna</span> <span class='ocrx_word' id='word_1_42' title='bbox 846 1630 949 1695; x_wconf 78' lang='lat' dir='ltr'>viris?</span> 
     </span>
     <span class='ocr_line' id='line_1_10' title="bbox 192 1736 1015 1823; baseline 0.001 -22"><span class='ocrx_word' id='word_1_43' title='bbox 192 1736 326 1801; x_wconf 82' lang='lat' dir='ltr'>Maesta</span> <span class='ocrx_word' id='word_1_44' title='bbox 349 1736 580 1802; x_wconf 84' lang='lat' dir='ltr'>Britannorum</span> <span class='ocrx_word' id='word_1_45' title='bbox 604 1759 684 1823; x_wconf 83' lang='lat' dir='ltr'>gens</span> <span class='ocrx_word' id='word_1_46' title='bbox 708 1738 881 1802; x_wconf 89' lang='lat' dir='ltr'>miraretur</span> <span class='ocrx_word' id='word_1_47' title='bbox 904 1737 1015 1802; x_wconf 86' lang='lat' dir='ltr'>Elisee</span> 
     </span>
     <span class='ocr_line' id='line_1_11' title="bbox 265 1843 1079 1929; baseline 0.004 -22"><span class='ocrx_word' id='word_1_48' title='bbox 265 1843 494 1929; x_wconf 80' lang='lat' dir='ltr'>Magnanimae</span> <span class='ocrx_word' id='word_1_49' title='bbox 517 1845 627 1928; x_wconf 88' lang='lat' dir='ltr'>privos</span> <span class='ocrx_word' id='word_1_50' title='bbox 651 1849 727 1929; x_wconf 85' lang='lat' dir='ltr'>post</span> <span class='ocrx_word' id='word_1_51' title='bbox 749 1846 812 1909; x_wconf 89' lang='lat' dir='ltr'>tria</span> <span class='ocrx_word' id='word_1_52' title='bbox 835 1845 942 1909; x_wconf 82' lang='lat' dir='ltr'>saecla</span> <span class='ocrx_word' id='word_1_53' title='bbox 965 1845 1079 1910; x_wconf 83' lang='lat' dir='ltr'>toros?</span> 
     </span>
     <span class='ocr_line' id='line_1_12' title="bbox 195 1950 919 2037; baseline 0.003 -23"><span class='ocrx_word' id='word_1_54' title='bbox 195 1950 403 2035; x_wconf 83' lang='lat' dir='ltr'>Aemuleque</span> <span class='ocrx_word' id='word_1_55' title='bbox 426 1950 515 2015; x_wconf 87' lang='lat' dir='ltr'>illiue</span> <span class='ocrx_word' id='word_1_56' title='bbox 539 1951 623 2015; x_wconf 88' lang='lat' dir='ltr'>vinci</span> <span class='ocrx_word' id='word_1_57' title='bbox 646 1951 759 2036; x_wconf 82' lang='lat' dir='ltr'>regina</span> <span class='ocrx_word' id='word_1_58' title='bbox 782 1955 919 2037; x_wconf 79' lang='lat' dir='ltr'>negaret</span> 
     </span>
     <span class='ocr_line' id='line_1_13' title="bbox 265 2056 1120 2143; baseline 0.001 -22"><span class='ocrx_word' id='word_1_59' title='bbox 265 2056 318 2121; x_wconf 86' lang='lat' dir='ltr'>Sic</span> <span class='ocrx_word' id='word_1_60' title='bbox 341 2078 469 2143; x_wconf 89' lang='lat' dir='ltr'>quoque</span> <span class='ocrx_word' id='word_1_61' title='bbox 492 2057 634 2122; x_wconf 85' lang='lat' dir='ltr'>victricis</span> <span class='ocrx_word' id='word_1_62' title='bbox 657 2078 776 2121; x_wconf 93' lang='lat' dir='ltr'>nomen</span> <span class='ocrx_word' id='word_1_63' title='bbox 799 2062 832 2123; x_wconf 90' lang='lat' dir='ltr'>et</span> <span class='ocrx_word' id='word_1_64' title='bbox 855 2079 951 2123; x_wconf 89' lang='lat' dir='ltr'>omen</span> <span class='ocrx_word' id='word_1_65' title='bbox 973 2058 1120 2123; x_wconf 81' lang='lat' dir='ltr'>habene?</span> 
     </span>
     <span class='ocr_line' id='line_1_14' title="bbox 194 2163 1066 2248; baseline 0.001 -21"><span class='ocrx_word' id='word_1_66' title='bbox 194 2164 325 2248; x_wconf 87' lang='lat' dir='ltr'>Nempe</span> <span class='ocrx_word' id='word_1_67' title='bbox 347 2163 556 2248; x_wconf 80' lang='lat' dir='ltr'>pharetratae</span> <span class='ocrx_word' id='word_1_68' title='bbox 580 2164 692 2229; x_wconf 86' lang='lat' dir='ltr'>stabat</span> <span class='ocrx_word' id='word_1_69' title='bbox 714 2163 762 2229; x_wconf 84' lang='lat' dir='ltr'>sic</span> <span class='ocrx_word' id='word_1_70' title='bbox 785 2168 894 2229; x_wconf 90' lang='lat' dir='ltr'>mente</span> <span class='ocrx_word' id='word_1_71' title='bbox 918 2165 1066 2230; x_wconf 81' lang='lat' dir='ltr'>voluutas</span> 
     </span>
     <span class='ocr_line' id='line_1_15' title="bbox 265 2268 956 2356; baseline 0 -22"><span class='ocrx_word' id='word_1_72' title='bbox 265 2269 399 2354; x_wconf 87' lang='lat' dir='ltr'>Dianae,</span> <span class='ocrx_word' id='word_1_73' title='bbox 422 2270 527 2355; x_wconf 84' lang='lat' dir='ltr'>glacie</span> <span class='ocrx_word' id='word_1_74' title='bbox 551 2271 601 2335; x_wconf 89' lang='lat' dir='ltr'>cui</span> <span class='ocrx_word' id='word_1_75' title='bbox 624 2268 694 2336; x_wconf 89' lang='lat' dir='ltr'>fera</span> <span class='ocrx_word' id='word_1_76' title='bbox 717 2272 816 2337; x_wconf 87' lang='lat' dir='ltr'>corda</span> <span class='ocrx_word' id='word_1_77' title='bbox 838 2273 956 2356; x_wconf 84' lang='lat' dir='ltr'>rigent.</span> 
     </span>
     <span class='ocr_line' id='line_1_16' title="bbox 195 2375 1084 2462; baseline 0.001 -22"><span class='ocrx_word' id='word_1_78' title='bbox 195 2375 263 2440; x_wconf 83' lang='lat' dir='ltr'>Eat</span> <span class='ocrx_word' id='word_1_79' title='bbox 286 2376 419 2461; x_wconf 86' lang='lat' dir='ltr'>aliquid,</span> <span class='ocrx_word' id='word_1_80' title='bbox 442 2375 525 2441; x_wconf 88' lang='lat' dir='ltr'>solio</span> <span class='ocrx_word' id='word_1_81' title='bbox 549 2376 588 2441; x_wconf 84' lang='lat' dir='ltr'>de</span> <span class='ocrx_word' id='word_1_82' title='bbox 611 2398 677 2441; x_wconf 93' lang='lat' dir='ltr'>uno</span> <span class='ocrx_word' id='word_1_83' title='bbox 700 2377 865 2462; x_wconf 81' lang='lat' dir='ltr'>geminare</span> <span class='ocrx_word' id='word_1_84' title='bbox 887 2375 1084 2461; x_wconf 81' lang='lat' dir='ltr'>triumphos!</span> 
     </span>
     <span class='ocr_line' id='line_1_17' title="bbox 267 2482 934 2550; baseline 0.004 -3"><span class='ocrx_word' id='word_1_85' title='bbox 267 2482 347 2548; x_wconf 81' lang='lat' dir='ltr'>Tale</span> <span class='ocrx_word' id='word_1_86' title='bbox 370 2483 467 2547; x_wconf 87' lang='lat' dir='ltr'>decus</span> <span class='ocrx_word' id='word_1_87' title='bbox 491 2483 590 2547; x_wconf 84' lang='lat' dir='ltr'>castis</span> <span class='ocrx_word' id='word_1_88' title='bbox 614 2485 789 2549; x_wconf 83' lang='lat' dir='ltr'>inseruisse</span> <span class='ocrx_word' id='word_1_89' title='bbox 812 2485 934 2550; x_wconf 86' lang='lat' dir='ltr'>choris!</span> 
     </span>
     <span class='ocr_line' id='line_1_18' title="bbox 197 2588 978 2674; baseline 0.003 -21"><span class='ocrx_word' id='word_1_90' title='bbox 197 2588 323 2654; x_wconf 87' lang='lat' dir='ltr'>Verum</span> <span class='ocrx_word' id='word_1_91' title='bbox 345 2588 526 2674; x_wconf 82' lang='lat' dir='ltr'>Dictynnae</span> <span class='ocrx_word' id='word_1_92' title='bbox 549 2594 617 2654; x_wconf 87' lang='lat' dir='ltr'>tam</span> <span class='ocrx_word' id='word_1_93' title='bbox 641 2589 720 2655; x_wconf 87' lang='lat' dir='ltr'>diris</span> <span class='ocrx_word' id='word_1_94' title='bbox 743 2591 868 2657; x_wconf 84' lang='lat' dir='ltr'>invidet</span> <span class='ocrx_word' id='word_1_95' title='bbox 890 2593 978 2657; x_wconf 84' lang='lat' dir='ltr'>cusia</span> 
     </span>
     <span class='ocr_line' id='line_1_19' title="bbox 264 2695 983 2782; baseline 0.004 -22"><span class='ocrx_word' id='word_1_96' title='bbox 264 2695 341 2762; x_wconf 88' lang='lat' dir='ltr'>Non</span> <span class='ocrx_word' id='word_1_97' title='bbox 365 2718 518 2781; x_wconf 90' lang='lat' dir='ltr'>umquam</span> <span class='ocrx_word' id='word_1_98' title='bbox 542 2697 627 2762; x_wconf 82' lang='lat' dir='ltr'>victo</span> <span class='ocrx_word' id='word_1_99' title='bbox 650 2699 783 2763; x_wconf 91' lang='lat' dir='ltr'>numine</span> <span class='ocrx_word' id='word_1_100' title='bbox 806 2699 892 2763; x_wconf 88' lang='lat' dir='ltr'>freta</span> <span class='ocrx_word' id='word_1_101' title='bbox 915 2699 983 2782; x_wconf 88' lang='lat' dir='ltr'>dea,</span> 
     </span>
     <span class='ocr_line' id='line_1_20' title="bbox 194 2802 1056 2889; baseline 0.001 -21"><span class='ocrx_word' id='word_1_102' title='bbox 194 2803 367 2887; x_wconf 83' lang='lat' dir='ltr'>Multaque</span> <span class='ocrx_word' id='word_1_103' title='bbox 390 2803 557 2869; x_wconf 85' lang='lat' dir='ltr'>flammato</span> <span class='ocrx_word' id='word_1_104' title='bbox 581 2802 755 2889; x_wconf 79' lang='lat' dir='ltr'>Cythereia</span> <span class='ocrx_word' id='word_1_105' title='bbox 778 2804 873 2870; x_wconf 89' lang='lat' dir='ltr'>corde</span> <span class='ocrx_word' id='word_1_106' title='bbox 897 2805 1056 2888; x_wconf 85' lang='lat' dir='ltr'>volutans,</span> 
     </span>
     <span class='ocr_line' id='line_1_21' title="bbox 264 2909 1126 2996; baseline 0.003 -24"><span class='ocrx_word' id='word_1_107' title='bbox 264 2909 349 2991; x_wconf 77' lang='lat' dir='ltr'>Quid</span> <span class='ocrx_word' id='word_1_108' title='bbox 368 2911 449 2976; x_wconf 78' lang='lat' dir='ltr'>male</span> <span class='ocrx_word' id='word_1_109' title='bbox 469 2932 559 2995; x_wconf 73' lang='lat' dir='ltr'>saraa,</span> <span class='ocrx_word' id='word_1_110' title='bbox 583 2911 699 2996; x_wconf 88' lang='lat' dir='ltr'>inquit,</span> <span class='ocrx_word' id='word_1_111' title='bbox 721 2913 798 2994; x_wconf 79' lang='lat' dir='ltr'>quid</span> <span class='ocrx_word' id='word_1_112' title='bbox 818 2933 886 2976; x_wconf 76' lang='lat' dir='ltr'>raca</span> <span class='ocrx_word' id='word_1_113' title='bbox 908 2933 1004 2996; x_wconf 74' lang='lat' dir='ltr'>repro</span> <span class='ocrx_word' id='word_1_114' title='bbox 1022 2913 1126 2995; x_wconf 79' lang='lat' dir='ltr'>petie?</span> 
     </span>
     <span class='ocr_line' id='line_1_22' title="bbox 193 3018 1034 3103; baseline 0.001 -20"><span class='ocrx_word' id='word_1_115' title='bbox 193 3018 311 3083; x_wconf 82' lang='lat' dir='ltr'>Nonne</span> <span class='ocrx_word' id='word_1_116' title='bbox 331 3018 417 3102; x_wconf 75' lang='lat' dir='ltr'>satis,</span> <span class='ocrx_word' id='word_1_117' title='bbox 439 3019 538 3084; x_wconf 80' lang='lat' dir='ltr'>sociae</span> <span class='ocrx_word' id='word_1_118' title='bbox 561 3018 617 3083; x_wconf 79' lang='lat' dir='ltr'>tibi</span> <span class='ocrx_word' id='word_1_119' title='bbox 640 3024 690 3097; x_wconf 80' lang='lat' dir='ltr'>tot,</span> <span class='ocrx_word' id='word_1_120' title='bbox 715 3019 859 3097; x_wconf 79' lang='lat' dir='ltr'>Latonia,</span> <span class='ocrx_word' id='word_1_121' title='bbox 881 3019 1034 3103; x_wconf 62' lang='lat' dir='ltr'>epipam</span> 
     </span>
     <span class='ocr_line' id='line_1_23' title="bbox 263 3124 966 3210; baseline 0.004 -22"><span class='ocrx_word' id='word_1_122' title='bbox 263 3124 410 3189; x_wconf 74' lang='lat' dir='ltr'>Masada</span> <span class='ocrx_word' id='word_1_123' title='bbox 433 3125 554 3190; x_wconf 72' lang='lat' dir='ltr'>devotae</span> <span class='ocrx_word' id='word_1_124' title='bbox 575 3146 723 3208; x_wconf 71' lang='lat' dir='ltr'>speram,</span> <span class='ocrx_word' id='word_1_125' title='bbox 745 3146 846 3204; x_wconf 86' lang='lat' dir='ltr'>saeva,</span> <span class='ocrx_word' id='word_1_126' title='bbox 868 3126 966 3210; x_wconf 71' lang='lat' dir='ltr'>trapa?</span> 
     </span>
     <span class='ocr_line' id='line_1_24' title="bbox 193 3232 1025 3319; baseline 0.005 -24"><span class='ocrx_word' id='word_1_127' title='bbox 193 3232 282 3314; x_wconf 78' lang='lat' dir='ltr'>Quid</span> <span class='ocrx_word' id='word_1_128' title='bbox 302 3233 389 3314; x_wconf 69' lang='lat' dir='ltr'>crepes</span> <span class='ocrx_word' id='word_1_129' title='bbox 411 3235 543 3298; x_wconf 60' lang='lat' dir='ltr'>aceruis</span> <span class='ocrx_word' id='word_1_130' title='bbox 565 3235 709 3300; x_wconf 68' lang='lat' dir='ltr'>cartam</span> <span class='ocrx_word' id='word_1_131' title='bbox 731 3236 855 3319; x_wconf 72' lang='lat' dir='ltr'>irrepere</span> <span class='ocrx_word' id='word_1_132' title='bbox 875 3234 1025 3300; x_wconf 78' lang='lat' dir='ltr'>tonores?</span> 
     </span>
     <span class='ocr_line' id='line_1_25' title="bbox 263 3336 1024 3423; baseline 0.005 -21"><span class='ocrx_word' id='word_1_133' title='bbox 263 3336 377 3403; x_wconf 70' lang='lat' dir='ltr'>Deoia</span> <span class='ocrx_word' id='word_1_134' title='bbox 399 3340 476 3421; x_wconf 82' lang='lat' dir='ltr'>quia</span> <span class='ocrx_word' id='word_1_135' title='bbox 497 3341 610 3405; x_wconf 74' lang='lat' dir='ltr'>acaia</span> <span class='ocrx_word' id='word_1_136' title='bbox 626 3343 771 3423; x_wconf 59' lang='lat' dir='ltr'>muenia</span> <span class='ocrx_word' id='word_1_137' title='bbox 792 3342 898 3423; x_wconf 77' lang='lat' dir='ltr'>forma</span> <span class='ocrx_word' id='word_1_138' title='bbox 918 3342 1024 3423; x_wconf 80' lang='lat' dir='ltr'>ferat?</span> 
     </span>
    </p>
   </div>
   <div class='ocr_carea' id='block_1_7' title="bbox 192 3444 1131 3854">
    <p class='ocr_par' dir='ltr' id='par_1_7' title="bbox 192 3444 964 3638">
     <span class='ocr_line' id='line_1_26' title="bbox 192 3444 964 3533; baseline 0.004 -24"><span class='ocrx_word' id='word_1_139' title='bbox 192 3444 305 3511; x_wconf 80' lang='lat' dir='ltr'>Iratce</span> <span class='ocrx_word' id='word_1_140' title='bbox 326 3467 404 3529; x_wconf 71' lang='lat' dir='ltr'>pauc</span> <span class='ocrx_word' id='word_1_141' title='bbox 424 3448 468 3511; x_wconf 84' lang='lat' dir='ltr'>eit</span> <span class='ocrx_word' id='word_1_142' title='bbox 495 3447 619 3513; x_wconf 67' lang='lat' dir='ltr'>Veneris</span> <span class='ocrx_word' id='word_1_143' title='bbox 640 3449 786 3533; x_wconf 77' lang='lat' dir='ltr'>vindicta,</span> <span class='ocrx_word' id='word_1_144' title='bbox 809 3455 964 3514; x_wconf 70' lang='lat' dir='ltr'>amaranto.</span> 
     </span>
     <span class='ocr_line' id='line_1_27' title="bbox 263 3552 826 3638; baseline 0.005 -21"><span class='ocrx_word' id='word_1_145' title='bbox 263 3552 361 3618; x_wconf 85' lang='lat' dir='ltr'>Ocius</span> <span class='ocrx_word' id='word_1_146' title='bbox 385 3554 472 3619; x_wconf 88' lang='lat' dir='ltr'>aerio</span> <span class='ocrx_word' id='word_1_147' title='bbox 496 3553 626 3620; x_wconf 83' lang='lat' dir='ltr'>devolat</span> <span class='ocrx_word' id='word_1_148' title='bbox 649 3555 705 3619; x_wconf 93' lang='lat' dir='ltr'>illa</span> <span class='ocrx_word' id='word_1_149' title='bbox 728 3556 826 3638; x_wconf 87' lang='lat' dir='ltr'>Noto,</span> 
     </span>
    </p>

    <p class='ocr_par' dir='ltr' id='par_1_8' title="bbox 193 3658 1131 3854">
     <span class='ocr_line' id='line_1_28' title="bbox 193 3658 1131 3746; baseline 0.006 -24"><span class='ocrx_word' id='word_1_150' title='bbox 193 3658 322 3743; x_wconf 88' lang='lat' dir='ltr'>Perque</span> <span class='ocrx_word' id='word_1_151' title='bbox 345 3683 419 3726; x_wconf 91' lang='lat' dir='ltr'>oras</span> <span class='ocrx_word' id='word_1_152' title='bbox 442 3662 612 3727; x_wconf 90' lang='lat' dir='ltr'>hominum</span> <span class='ocrx_word' id='word_1_153' title='bbox 635 3661 858 3746; x_wconf 87' lang='lat' dir='ltr'>Germanaque</span> <span class='ocrx_word' id='word_1_154' title='bbox 882 3684 958 3727; x_wconf 88' lang='lat' dir='ltr'>rure</span> <span class='ocrx_word' id='word_1_155' title='bbox 981 3666 1131 3745; x_wconf 83' lang='lat' dir='ltr'>vagatur:</span> 
     </span>
     <span class='ocr_line' id='line_1_29' title="bbox 263 3765 1011 3854; baseline 0.004 -23"><span class='ocrx_word' id='word_1_156' title='bbox 263 3765 357 3831; x_wconf 87' lang='lat' dir='ltr'>Vnde</span> <span class='ocrx_word' id='word_1_157' title='bbox 380 3768 440 3832; x_wconf 91' lang='lat' dir='ltr'>tibi</span> <span class='ocrx_word' id='word_1_158' title='bbox 464 3789 585 3854; x_wconf 80' lang='lat' dir='ltr'>regum,</span> <span class='ocrx_word' id='word_1_159' title='bbox 608 3772 696 3834; x_wconf 90' lang='lat' dir='ltr'>terra</span> <span class='ocrx_word' id='word_1_160' title='bbox 719 3767 888 3851; x_wconf 87' lang='lat' dir='ltr'>Britanna,</span> <span class='ocrx_word' id='word_1_161' title='bbox 910 3789 1011 3854; x_wconf 80' lang='lat' dir='ltr'>aegea.</span> 
     </span>
    </p>
   </div>
   <div class='ocr_carea' id='block_1_8' title="bbox 140 4047 1295 4479">
    <p class='ocr_par' dir='ltr' id='par_1_9' title="bbox 140 4047 1295 4479">
     <span class='ocr_line' id='line_1_30' title="bbox 262 4047 1295 4122; baseline 0.004 -19"><span class='ocrx_word' id='word_1_162' title='bbox 262 4047 288 4118; x_wconf 75' lang='lat'>·)</span> <span class='ocrx_word' id='word_1_163' title='bbox 307 4047 428 4118; x_wconf 84' lang='lat' dir='ltr'>[Prodiit</span> <span class='ocrx_word' id='word_1_164' title='bbox 443 4049 558 4105; x_wconf 90' lang='lat' dir='ltr'>Bonnae</span> <span class='ocrx_word' id='word_1_165' title='bbox 580 4068 616 4106; x_wconf 88' lang='lat' dir='ltr'>m.</span> <span class='ocrx_word' id='word_1_166' title='bbox 635 4049 786 4106; x_wconf 78' lang='lat' dir='ltr'>Februario</span> <span class='ocrx_word' id='word_1_167' title='bbox 805 4051 871 4105; x_wconf 87' lang='lat' dir='ltr'>anni</span> <span class='ocrx_word' id='word_1_168' title='bbox 889 4064 1104 4109; x_wconf 80' lang='lat' dir='ltr'>claracooxxxx</span> <span class='ocrx_word' id='word_1_169' title='bbox 1121 4052 1161 4108; x_wconf 85' lang='lat' dir='ltr'>aio</span> <span class='ocrx_word' id='word_1_170' title='bbox 1179 4052 1295 4122; x_wconf 74' lang='lat' dir='ltr'>inconp-</span> 
     </span>
     <span class='ocr_line' id='line_1_31' title="bbox 143 4137 1294 4211; baseline -0.002 -16"><span class='ocrx_word' id='word_1_171' title='bbox 143 4141 224 4195; x_wconf 77' lang='lat' dir='ltr'>tum:</span> <span class='ocrx_word' id='word_1_172' title='bbox 250 4137 382 4193; x_wconf 80' lang='lat' dir='ltr'>‘Alberto</span> <span class='ocrx_word' id='word_1_173' title='bbox 402 4138 408 4208; x_wconf 86' lang='grc' dir='ltr'>Ι</span> <span class='ocrx_word' id='word_1_174' title='bbox 428 4139 604 4194; x_wconf 76' lang='lat' dir='ltr'>serenissimo</span> <span class='ocrx_word' id='word_1_175' title='bbox 627 4138 691 4195; x_wconf 88' lang='lat' dir='ltr'>duci</span> <span class='ocrx_word' id='word_1_176' title='bbox 714 4139 853 4195; x_wconf 76' lang='lat' dir='ltr'>Senoniae</span> <span class='ocrx_word' id='word_1_177' title='bbox 874 4145 878 4210; x_wconf 74' lang='grc' dir='ltr'>Ι</span> <span class='ocrx_word' id='word_1_178' title='bbox 899 4158 949 4196; x_wconf 88' lang='lat' dir='ltr'>euo</span> <span class='ocrx_word' id='word_1_179' title='bbox 972 4157 1061 4211; x_wconf 88' lang='lat' dir='ltr'>nuper</span> <span class='ocrx_word' id='word_1_180' title='bbox 1083 4140 1137 4195; x_wconf 87' lang='lat' dir='ltr'>civi</span> <span class='ocrx_word' id='word_1_181' title='bbox 1165 4140 1294 4195; x_wconf 70' lang='lat' dir='ltr'>illustria·</span> 
     </span>
     <span class='ocr_line' id='line_1_32' title="bbox 143 4226 1291 4300; baseline 0.001 -16"><span class='ocrx_word' id='word_1_182' title='bbox 143 4227 222 4284; x_wconf 75' lang='lat' dir='ltr'>uimo</span> <span class='ocrx_word' id='word_1_183' title='bbox 246 4227 252 4296; x_wconf 91' lang='grc' dir='ltr'>Ι</span> <span class='ocrx_word' id='word_1_184' title='bbox 276 4226 438 4296; x_wconf 81' lang='lat' dir='ltr'>nuptiarum</span> <span class='ocrx_word' id='word_1_185' title='bbox 459 4230 464 4296; x_wconf 86' lang='grc' dir='ltr'>Ι</span> <span class='ocrx_word' id='word_1_186' title='bbox 484 4245 547 4282; x_wconf 91' lang='lat' dir='ltr'>cum</span> <span class='ocrx_word' id='word_1_187' title='bbox 568 4231 573 4296; x_wconf 89' lang='grc' dir='ltr'>Ι</span> <span class='ocrx_word' id='word_1_188' title='bbox 592 4228 720 4284; x_wconf 86' lang='lat' dir='ltr'>Victoria</span> <span class='ocrx_word' id='word_1_189' title='bbox 740 4232 744 4298; x_wconf 92' lang='grc' dir='ltr'>Ι</span> <span class='ocrx_word' id='word_1_190' title='bbox 765 4229 965 4300; x_wconf 72' lang='lat' dir='ltr'>augustissima</span> <span class='ocrx_word' id='word_1_191' title='bbox 987 4229 1148 4285; x_wconf 84' lang='lat' dir='ltr'>Britanniae</span> <span class='ocrx_word' id='word_1_192' title='bbox 1171 4229 1291 4299; x_wconf 72' lang='lat' dir='ltr'>regina}</span> 
     </span>
     <span class='ocr_line' id='line_1_33' title="bbox 142 4316 1294 4389; baseline -0.001 -16"><span class='ocrx_word' id='word_1_193' title='bbox 142 4318 290 4373; x_wconf 68' lang='lat' dir='ltr'>saetarum</span> <span class='ocrx_word' id='word_1_194' title='bbox 308 4331 409 4370; x_wconf 81' lang='lat' dir='ltr'>caueae</span> <span class='ocrx_word' id='word_1_195' title='bbox 428 4320 433 4384; x_wconf 67' lang='lat' dir='ltr'>t</span> <span class='ocrx_word' id='word_1_196' title='bbox 453 4316 479 4372; x_wconf 86' lang='lat' dir='ltr'>S.</span> <span class='ocrx_word' id='word_1_197' title='bbox 499 4317 528 4371; x_wconf 88' lang='lat' dir='ltr'>P.</span> <span class='ocrx_word' id='word_1_198' title='bbox 548 4318 581 4375; x_wconf 89' lang='lat' dir='ltr'>D.</span> <span class='ocrx_word' id='word_1_199' title='bbox 598 4320 602 4388; x_wconf 87' lang='grc' dir='ltr'>Ι</span> <span class='ocrx_word' id='word_1_200' title='bbox 622 4333 656 4372; x_wconf 87' lang='lat' dir='ltr'>ex</span> <span class='ocrx_word' id='word_1_201' title='bbox 675 4318 762 4373; x_wconf 87' lang='lat' dir='ltr'>animi</span> <span class='ocrx_word' id='word_1_202' title='bbox 782 4319 922 4374; x_wconf 64' lang='lat' dir='ltr'>sarmatia</span> <span class='ocrx_word' id='word_1_203' title='bbox 940 4319 1167 4389; x_wconf 72' lang='lat' dir='ltr'>gratulabunda!</span> <span class='ocrx_word' id='word_1_204' title='bbox 1184 4317 1294 4373; x_wconf 86' lang='lat' dir='ltr'>littera·</span> 
     </span>
     <span class='ocr_line' id='line_1_34' title="bbox 140 4402 1075 4479; baseline 0 -16"><span class='ocrx_word' id='word_1_205' title='bbox 140 4424 211 4463; x_wconf 87' lang='lat' dir='ltr'>rum</span> <span class='ocrx_word' id='word_1_206' title='bbox 230 4402 401 4460; x_wconf 79' lang='lat' dir='ltr'>nniveraitae</span> <span class='ocrx_word' id='word_1_207' title='bbox 416 4407 422 4473; x_wconf 87' lang='grc' dir='ltr'>Ι</span> <span class='ocrx_word' id='word_1_208' title='bbox 438 4404 589 4462; x_wconf 72' lang='lat' dir='ltr'>t&#39;ridericia</span> <span class='ocrx_word' id='word_1_209' title='bbox 607 4405 759 4462; x_wconf 88' lang='lat' dir='ltr'>Guilelmia</span> <span class='ocrx_word' id='word_1_210' title='bbox 777 4408 933 4464; x_wconf 83' lang='lat' dir='ltr'>Rhenana’</span> <span class='ocrx_word' id='word_1_211' title='bbox 968 4408 997 4466; x_wconf 84' lang='lat' dir='ltr'>C.</span> <span class='ocrx_word' id='word_1_212' title='bbox 1017 4409 1075 4479; x_wconf 91' lang='lat' dir='ltr'>W.]</span> 
     </span>
    </p>
   </div>
   <div class='ocr_carea' id='block_1_9' title="bbox 0 0 1448 5032">
    <p class='ocr_par' dir='ltr' id='par_1_10' title="bbox 0 0 1448 5032">
     <span class='ocr_line' id='line_1_35' title="bbox 0 0 1448 5032; baseline 0 3"><span class='ocrx_word' id='word_1_213' title='bbox 0 0 1448 5032; x_wconf 95' lang='lat' dir='ltr'> </span> 
     </span>
    </p>
   </div>
  </div>
 </body>
</html>
