2836 5034
580 115 734 163 suusne.
1166 102 1228 167 757

88 250 122 310 ²2
145 254 329 320 carissimus
359 257 532 323 Alcmtnvs
564 257 746 324 anvrvvvs
778 264 890 324 noster
920 260 1229 345 pervestigabamus,

35 382 40 389 ·
83 347 198 426 defossi
226 366 336 426 antem
363 364 511 447 quamvis
540 363 705 430 fructuoso
736 365 901 430 scrutandi
924 367 1070 452 negotio,
1098 367 1229 451 refrige-

83 467 179 532 nudi
201 468 430 552 recreandiqne
453 492 569 534 caussa
592 470 687 556 cippo
711 469 782 536 Ser.
801 471 895 536 Atilii
914 470 1029 537 Serani
1053 473 1228 539 insidentes

78 558 169 640 inter
185 579 298 660 potum
319 575 528 641 festivissime
547 577 850 643 confabulabamur:
875 579 1042 644 recordare
1057 578 1227 645 Mantuani

10 680 17 693 ⁵
74 684 1228 771 noeaoearumquemachinarum,q1assatiussueritsilentiopremere:

10 790 12 879 ζ
76 790 252 855 recordare
279 791 450 855 domestici
478 791 582 874 illius,
608 816 672 878 qno
702 815 761 857 nos
790 814 855 858 non
879 794 1024 857 nolentes
1047 793 1228 878 coercebas,

10 897 233 1015 carceris,
256 897 469 981 amplissimis
491 899 620 983 quidem
645 900 804 964 librorum
827 901 929 983 copiis
949 900 1086 982 stipatos
1110 899 1227 984 quibus

10 949 244 1069 ¹uenientis
272 1022 344 1069 v1131
367 1005 568 1070 bibliotheca
597 1006 714 1085 affluit,
743 1029 781 1070 er
810 1006 888 1070 urbe
912 1010 1019 1070 autem
1043 1005 1225 1069 discedendi

10 1062 38 1261 h
67 1092 305 1176 libertatemr
330 1112 460 1195 publica
482 1113 675 1196 interposita
699 1113 892 1177 anctoritate
916 1110 1089 1196 privatos*
1090 1114 1102 1195 l

168 1217 233 1282 Pro
263 1221 316 1282 tot
343 1219 508 1302 tantisque
535 1237 614 1284 vvls
637 1219 676 1282 de
704 1242 755 1283 me
784 1218 908 1283 meritis
936 1219 997 1282 etsi
1028 1218 1134 1300 gratia
1157 1239 1224 1280 nm-
1239 1238 1273 1277 1v

64 1334 176 1407 qnam
208 1323 322 1388 referri
357 1325 483 1408 nequit,
516 1325 665 1390 habenda
701 1332 810 1390 tamen
844 1328 937 1389 tanta
970 1328 1035 1408 cst,
1071 1328 1225 1408 quantam

65 1430 254 1495 maximam
285 1453 399 1514 capere
430 1434 558 1497 animus
592 1433 700 1514 possit.
747 1431 830 1496 Eum
859 1437 967 1496 antem
997 1454 1124 1495 sensum
1153 1453 1225 1495 cum

68 1534 191 1621 aliquo
211 1537 401 1602 testimonio
426 1538 534 1621 palam
558 1539 722 1603 declarare
745 1538 870 1624 pridem
891 1538 1119 1620 decrevissem,
1141 1560 1226 1602 nunc

63 1643 211 1709 mallem
241 1665 320 1707 sane
348 1644 472 1728 aliquid
501 1645 534 1708 in
562 1648 715 1730 promptu
748 1645 876 1726 luisset,
910 1644 996 1729 quod
1023 1644 1157 1729 propius
1185 1642 1225 1707 ad

66 1746 201 1817 Vestra
223 1748 381 1814 Italorum
409 1750 516 1815 studia
544 1750 712 1834 attineret,
740 1751 794 1835 qui
818 1750 853 1813 in
877 1751 996 1814 artium
1019 1751 1225 1835 potissimum

66 1857 375 1942 antiquitatumque
390 1857 629 1922 amoenioribus
644 1857 841 1921 diverticulis
855 1857 1004 1922 babitare
1019 1858 1115 1941 soliti,
1137 1857 1224 1922 haud

65 1964 144 2031 t'ere
167 1963 315 2029 codicum
339 1964 559 2028 rimandorum
584 1965 835 2048 tractandaeque
858 1965 1089 2049 grammaticae
1114 1986 1225 2028 arnan·

65 2071 195 2138 tissimi
232 2071 430 2135 exstiteritis.
481 2070 543 2135 Sed
571 2092 746 2155 parumper
778 2069 955 2134 haesitanti
988 2070 1131 2134 animum
1163 2068 1225 2134 hoc

67 2176 215 2259 addidit,
238 2177 324 2260 quod
344 2177 528 2261 argumenti
552 2177 681 2241 exilitas
699 2177 758 2241 illa
776 2181 810 2241 et
832 2177 927 2240 facile
950 2176 1094 2240 excusari
1114 2196 1223 2238 morae

65 2284 171 2369 fuga,
200 2287 233 2347 et
259 2284 401 2347 fortasse
431 2283 502 2365 ipsa
530 2283 698 2348 voluntate
731 2282 895 2368 animique
924 2281 1109 2346 sinceritate
1139 2303 1223 2345 com-

65 2391 206 2477 pensari
236 2388 415 2453 videbatur.
462 2388 621 2472 Accessit,
651 2391 736 2474 quod
772 2391 806 2454 in
836 2413 874 2454 eo
904 2392 1016 2453 nostra
1046 2387 1223 2471 disputatio

69 2498 237 2582 scriptore
257 2500 419 2578 versatur,
438 2518 543 2580 quem,
561 2496 677 2581 quibus
697 2498 824 2562 obsitus
843 2500 894 2560 est
913 2494 1060 2559 sordibus
1080 2495 1223 2579 purgari,

67 2608 106 2670 et
138 2603 273 2668 liberari
305 2602 421 2686 quibus
460 2604 713 2669 obscuritatibus
746 2603 875 2668 laborat
907 2601 1026 2667 Vestra
1062 2601 1222 2685 imprimis

65 2709 210 2776 referat:
239 2714 275 2773 ut
303 2709 359 2793 qui
387 2710 420 2772 in
449 2710 528 2794 ipsis
556 2711 737 2795 originibus
765 2713 798 2774 et
821 2709 918 2773 rebus
942 2708 1043 2792 gestis
1066 2708 1221 2792 principis

66 2816 192 2884 Italiae
215 2816 305 2881 urbis
328 2815 532 2880 illustrandis
556 2838 688 2900 operam
711 2815 881 2881 collocarit
903 2836 1004 2879 suam.

164 2923 286 3007 Accipe
318 2923 420 3008 igitur
451 2946 516 3007 qua
550 2945 600 2987 me
630 2923 750 2987 dudum
783 2922 983 2987 assuefecisti
1017 2920 1221 3007 benignitate

66 3031 254 3114 levidense,
291 3030 374 3115 quod
409 3048 496 3113 Tvav,
532 3031 582 3094 vir
612 3030 835 3112 dilectissime,
874 3029 978 3094 obtuli
1016 3029 1221 3112 dicatumque

67 3161 145 3205 esse
178 3137 268 3203 volui
302 3138 540 3220 munusculum,
577 3159 690 3221 meque
722 3137 807 3222 quod
841 3134 945 3199 adhuc
977 3135 1081 3199 fecisti
1112 3157 1221 3198 amare

68 3264 182 3331 perge.
230 3245 403 3309 Praeterea
435 3265 530 3329 aegre
557 3243 640 3307 ferre
667 3243 750 3320 noli,
783 3241 868 3326 qnod
896 3239 936 3303 de
964 3240 1109 3324 reliquis,
1138 3262 1220 3324 quae

69 3350 192 3434 adieci,
215 3351 311 3414 buius
331 3351 459 3433 opellae
477 3355 608 3415 nostrae
627 3348 784 3434 exemplis
803 3348 843 3412 ad
867 3346 1040 3432 populares
1065 3346 1220 3431 quosdam

67 3475 163 3524 v'vos
197 3457 396 3522 clarissimos
424 3455 684 3521 transmittendis
716 3478 781 3521 non
809 3455 931 3520 veritus
960 3477 1031 3518 sum
1059 3473 1102 3518 aa
1132 3453 1219 3519 solli·

67 3565 190 3632 citare:
219 3562 259 3627 ad
288 3560 521 3646 Csvrssrvn,
553 3562 816 3646 Barvrrvonrvn,
846 3559 1031 3645 Csvnnsn,
1060 3561 1221 3645 Gsaavn,

67 3672 200 3737 ΒΑΜ
238 3667 509 3752 Mediolanenses,
545 3668 707 3734 Barvrvn
744 3675 778 3733 et
819 3668 1031 3733 Moscvurvvn
1068 3667 1220 3751 Venetos,

66 3778 340 3843 Fvnnsnsvrvn
362 3773 570 3859 Patavinum,
593 3776 745 3860 Equitem
768 3793 816 3839 ua
840 3775 970 3839 laesas
989 3774 1220 3839 Veronensem.

67 3884 211 3949 Praeter
242 3902 323 3963 quos
356 3902 429 3943 cum
466 3881 564 3946 etiam
595 3881 780 3946 Blsncoxo
812 3879 1022 3963 Bononiensi,
1058 3878 1140 3964 Equ.
1172 3898 1219 3945 ns

146 4125 174 4175 ‘r
195 4123 280 4194 [Vide
298 4140 370 4192 quae
386 4125 420 4177 dc
435 4126 489 4181 hoc
502 4127 627 4197 hospitio
642 4125 796 4180 Veronensi
811 4123 982 4180 Ribbeckius
997 4125 1123 4179 sanavit
1142 4125 1219 4181 vitae

68 4212 288 4274 Bitschclianue
308 4215 363 4268 vol.
383 4215 396 4267 l
414 4234 440 4285 p,
460 4222 520 4272 222.
540 4215 570 4271 C.
587 4216 646 4288 W.]
