2836 5034
153 312 218 377 398
443 325 706 374 rsonaeousua
730 324 778 371 nn
801 322 1014 373 asrroumvs
1127 330 1131 337 ·

152 469 234 558 (Mil.
267 458 386 554 1‘v‚2,
415 466 487 556 29),
518 464 780 553 auunculum,
810 471 951 551 caueto,
991 464 1176 532 eastitatis
1200 465 1252 553 (ror

151 577 340 662 castilatis),
369 578 402 641 in
432 576 550 661 quibus
576 577 687 643 rivum
715 597 830 640 sonum
852 574 1132 660 pronuntiantium
1153 596 1206 641 nou
1223 580 1254 640 ar

153 689 265 750 secuta
302 685 436 768 scriptio
467 688 505 748 ut
542 684 577 749 iu
612 684 702 767 dites,
735 687 847 760 meum,
882 687 983 765 aelus,
1018 686 1166 765 eseam,
1193 683 1256 765 sous,

151 813 248 858 nosse.
286 792 490 876 Quamquam
508 790 541 855 id
564 813 624 856 nee
646 790 687 856 ad
709 791 793 856 aaut
815 793 849 853 et
871 788 993 854 similia
1015 810 1163 874 umquam
1181 788 1257 871 uiuit

152 900 186 963 in
210 900 325 984 quibus
349 921 414 964 non
437 899 561 983 brevis,
585 897 641 963 sed
665 899 765 982 longa
787 896 910 964 vosalia
932 918 951 961 v
972 895 1117 962 litteram
1137 894 1259 982 praeeedit

155 1004 244 1091 (nam
276 1006 362 1091 quod
392 1029 492 1071 unum
521 1007 615 1070 moues
646 1009 816 1090 exceptum
844 1008 908 1087 est,
938 1023 1093 1091 graecum
1120 1003 1260 1088 exemplum

154 1109 289 1199 effecit),
316 1134 375 1177 nee
399 1134 481 1197 quae
504 1113 681 1177 multorum
710 1135 812 1196 prava
834 1111 946 1195 opinio
968 1110 1046 1191 fuit,
1073 1110 1216 1176 tralatum
1231 1114 1261 1174 ut

153 1220 193 1284 ad
222 1218 439 1302 perfectorum
468 1220 608 1303 primam
639 1223 672 1284 et
698 1219 831 1283 tertiam
857 1240 1032 1303 personam
1061 1218 1263 1305 singulariaut

151 1325 290 1390 arulum
302 1324 390 1390 Trin.
407 1325 469 1390 169
475 1323 536 1411 **),
554 1327 732 1410 mouit
745 1323 875 1412 276⁸),
888 1326 1067 1391 mursam
1076 1321 1201 1411 601⁹),
1211 1344 1264 1409 quae

152 1433 331 1497 certissime
360 1433 542 1517 negandum
572 1436 622 1497 est
651 1454 804 1517 umquam
836 1432 871 1497 in
902 1425 1013 1498 ternas
1046 1431 1191 1517 syllabas
1215 1452 1267 1496 oon·

152 1543 259 1604 tracta
277 1560 357 1603 esse.
380 1576 415 1584 —
439 1539 485 1603 At
504 1561 579 1604 vero
602 1540 821 1623 ministremus,
844 1542 880 1604 at
901 1540 1104 1623 nmqistratus
1126 1542 1267 1624 opponant

151 1645 273 1711 Verum
303 1647 477 1711 minister
506 1645 589 1711 uude
619 1646 683 1711 nisi
705 1669 733 1717 a
763 1667 876 1712 retortus
905 1644 1015 1711 venit?
1046 1668 1064 1710 e
1095 1668 1159 1731 quo
1188 1666 1269 1711 eonas

152 1772 251 1837 quens
282 1758 332 1818 est
363 1756 412 1835 ut,
442 1753 711 1837 quemadmodum
740 1775 805 1819 una
832 1753 961 1838 syllaba
986 1773 1117 1835 artemas,
1144 1752 1189 1817 ita
1212 1755 1270 1817 ua

153 1882 250 1943 quam
279 1860 488 1924 ue'uistremus
515 1860 762 1944 pronuntiatum
792 1860 848 1942 sit,
875 1881 940 1926 non
967 1860 1187 1924 errieetstremus.
1224 1856 1270 1923 Na

41 2042 47 2058 ι
154 1966 259 2049 magis
284 1966 437 2030 credibile
459 1970 526 2031 tres
551 1971 767 2032 consonantes
794 1968 926 2052 longam
954 1966 1118 2052 syllabam
1141 1989 1203 2033 non
1222 1967 1271 2032 ete

152 2072 233 2135 aisse
266 2073 298 2137 iu
337 2076 595 2157 errepr'strutus:
633 2074 724 2139 ouius
761 2073 1061 2160 pronuntiationem
1094 2074 1271 2160 trisyllabus

59 2211 136 2253 omn
151 2180 216 2244 iam
246 2180 302 2244 alii
333 2181 488 2266 suspicati
516 2185 594 2246 sunt
622 2203 639 2246 e
666 2181 801 2267 propria
828 2180 967 2267 quadam
995 2181 1031 2245 in
1058 2183 1161 2265 rrmyis
1183 2198 1272 2263 roes!

151 2286 279 2351 litterae
307 2291 426 2352 natura
455 2287 662 2372 repetendam
694 2310 773 2353 esse.
818 2288 927 2374 Atque
957 2287 1118 2353 eiusmodi
1148 2289 1273 2373 quiddam

151 2392 307 2458 habuisse
330 2393 422 2457 illam
449 2393 526 2458 hine
554 2394 768 2479 intellegitur,
795 2394 881 2479 quod
908 2416 925 2458 e
952 2396 1078 2477 eramus
1104 2396 1176 2461 fieri
1196 2396 1276 2459 mum

150 2501 265 2584 potuit.
313 2500 434 2577 Quodsi
468 2500 508 2564 ad
539 2503 553 2563 Ι
582 2501 789 2566 consonantis
823 2500 1071 2565 similitudinem
1106 2500 1276 2586 aliquane

150 2608 229 2671 illud
260 2607 444 2690 accedebat,
483 2608 568 2671 idem
597 2607 665 2671 fere
696 2607 851 2672 accidisse
881 2607 914 2671 in
944 2608 1139 2673 araturam
1172 2607 1220 2694 (ut
1245 2606 1276 2669 sie

151 2713 259 2777 imiter
278 2714 462 2799 scribendo)
483 2715 637 2779 accidisse
661 2715 872 2799 perspicimus
898 2714 982 2798 quod
1006 2715 1039 2779 in
1064 2712 1276 2798 monosyllabis

150 2820 240 2897 eires,
264 2823 383 2905 serius,
406 2821 529 2905 lasciua,
554 2843 636 2904 quae
655 2842 783 2884 rursum
803 2843 876 2885 eum
894 2842 1015 2902 atumem,
1038 2821 1151 2889 Dauos
1169 2841 1276 2907 prorsus

151 2948 220 2990 esse
245 2928 461 3011 comparanda
485 2933 629 3011 apparet.
1293 2918 1296 2935 ⁴

239 3032 301 3097 Sed
320 3035 527 3117 redeundum,
550 3035 633 3099 uude
654 3035 760 3099 exorsi
779 3058 900 3119 sumus,
920 3036 961 3100 ad
983 3038 1130 3117 quoidam
1149 3042 1182 3101 et
1199 3032 1278 3119 opud

150 3140 335 3221 particulas
389 3141 478 3217 Quae
511 3164 587 3207 sane
619 3142 777 3226 liquidam
810 3165 875 3207 non
908 3142 1033 3206 habent
1065 3144 1154 3208 inter
1186 3144 1276 3207 breves

150 3247 279 3310 vocales
303 3247 381 3312 duas
406 3248 618 3313 interiectam.
660 3248 782 3312 Verum
806 3249 892 3332 quod
914 3249 984 3312 fieri
1008 3250 1041 3314 iu
1067 3251 1157 3315 omni
1181 3268 1275 3335 genere

149 3374 256 3416 rerum
280 3355 438 3438 videmus,
467 3361 504 3420 ut
531 3378 597 3420 non
625 3360 692 3419 tam
718 3355 814 3419 certis
839 3358 871 3419 et
894 3355 1156 3421 immutabilibus
1180 3356 1274 3420 finibus

150 3460 352 3546 singulorum
382 3461 466 3524 inter
495 3483 528 3524 se
557 3461 703 3525 ordinum
728 3459 899 3544 diremptio
923 3466 1072 3545 regatur,
1100 3463 1178 3546 quin
1202 3480 1274 3545 quae

149 3566 222 3631 dam
246 3568 426 3633 redundent
450 3573 482 3632 et
506 3568 658 3633 liberiore
682 3569 811 3633 vinculo
836 3590 961 3633 annexa
984 3569 1094 3653 potius
1119 3592 1214 3653 quam
1237 3588 1273 3631 ue

149 3696 232 3737 nexa
254 3676 410 3740 fluctuent
433 3675 518 3740 inter
541 3676 603 3740 duo
633 3696 765 3759 genera,
793 3674 826 3738 id
850 3675 928 3759 quid
951 3675 1068 3739 mirum
1093 3675 1120 3739 si
1145 3676 1195 3740 hie
1215 3694 1272 3758 quo

149 3802 210 3863 que
235 3782 341 3845 locum
363 3782 501 3846 habuit?
547 3781 583 3845 ld
611 3783 712 3866 igitur
740 3783 854 3846 eadere
876 3783 910 3847 in
934 3805 989 3847 eas
1014 3783 1094 3848 duas
1119 3779 1273 3864 particulas

147 3990 248 4044 Persae
268 3992 287 4058 1,
307 3997 332 4060 3,
352 3997 385 4044 57
405 3992 535 4061 paratum
554 3992 604 4044 est.
643 3989 775 4059 Superest
793 3992 824 4044 ut
842 3990 944 4045 Persae
968 3989 1008 4059 ΙΙ,
1026 3996 1053 4059 b,
1072 3998 1104 4045 21
1133 3992 1172 4047 sie
1189 4003 1267 4061 perpe

147 4079 262 4134 liumus:

256 4167 327 4233 auru
346 4168 378 4220 ts
397 4167 456 4221 uisa
476 4168 603 4223 dominus
622 4186 667 4223 me
686 4154 824 4223 tremam
843 4169 929 4224 roua
948 4172 1103 4226 moratum
1122 4170 1201 4235 mssa

149 4257 197 4310 ubi
217 4258 296 4311 boues
314 4262 462 4311 mereatum
482 4259 622 4313 Eretriam
641 4259 796 4314 collocatur
814 4259 908 4328 vulgo.

237 4347 262 4414 *)
283 4345 336 4416 [De
356 4346 518 4399 obliuisci
537 4347 621 4401 verbo
641 4347 704 4402 vide
723 4366 787 4402 ann.
807 4348 843 4401 ad
862 4348 920 4403 Mil.
941 4366 967 4403 v.
989 4350 1078 4419 lbet}

218 4435 260 4502 **)
281 4434 354 4504 [‘De
372 4450 502 4488 mensura
520 4433 671 4489 fallebatur
685 4436 880 4490 Laehmauuus
899 4436 927 4490 in
947 4437 1028 4492 Lucr.
1048 4456 1076 4507 p.
1095 4437 1165 4491 290?
1182 4424 1262 4489 Trin²l
