2836 5034
382 124 649 173 snammmoms
674 125 882 175 curvamina.
1140 113 1208 179 465

8 260 19 351 l,
80 267 154 331 euin
177 267 348 352 exemplis,
380 291 461 353 quae
490 269 572 333 nihil
601 272 742 354 suspecti
771 273 897 337 aliunde
928 271 1084 356 habeant,
1115 274 1206 338 litem

76 370 157 439 illinc
174 395 240 438 uon
263 376 429 460 moverim,
452 380 489 441 ut
512 375 603 440 Asin.
627 375 683 461 IV,
710 381 737 461 l,
764 381 816 444 17:

152 515 199 581 Ne
221 518 354 598 epistalri
376 518 507 601 quidem
530 519 588 585 illa
611 521 679 584 ulla
702 521 800 585 sitin
826 522 972 587 aedibus:

30 716 34 723 .
75 649 105 717 in
131 681 188 741 quo
217 659 298 724 adeo
327 661 367 724 ad
396 660 673 745 quadrisyllabam
699 685 809 727 vocem
833 663 944 729 eadem
975 665 1107 731 licentia
1134 688 1206 749 pro·

72 778 173 840 gressa
205 771 263 830 est
309 765 385 833 Non
417 769 522 854 magis
556 770 588 833 in
622 771 728 853 primo
761 771 841 855 pede
876 794 934 855 pro
968 772 1120 837 trochaeo
1149 765 1207 837 tri·

71 859 216 938 braehum
248 874 426 940 admissum
459 877 594 941 calidius
625 878 777 941 damnare
807 878 926 961 ausim,
958 883 994 943 ut
1027 878 1207 964 significavi

70 988 233 1055 lacum
249 982 351 1062 [4201.
385 980 446 1046 Sed
470 983 503 1047 iu
527 983 626 1049 tertio
650 985 730 1067 pede
753 985 857 1049 multo
882 985 989 1049 minus
1014 984 1132 1049 similis
1157 1006 1206 1049 ao·

70 1090 174 1150 antus
197 1086 356 1172 probatus
380 1092 440 1170 est,
464 1089 592 1172 qualem
616 1113 647 1156 v.
671 1091 735 1155 503
759 1090 903 1175 (luyetus
928 1091 1052 1156 intulit:

59 1232 62 1237 '
146 1228 253 1314 Eheu,
275 1232 330 1295 ubi
354 1232 402 1296 nil
424 1233 500 1297 usus
522 1238 594 1298 erat
617 1232 713 1316 dicto,
736 1234 890 1318 spondeo,

97 1370 253 1438 lBacch.
277 1375 341 1439 223
367 1375 459 1456 [255]
484 1376 623 1441 librarii:

144 1514 314 1583 Volcanus
339 1516 395 1583 Sol
419 1519 513 1583 humi
537 1517 614 1584 Dies
638 1571 654 1577 -
668 1554 687 1577 υ
700 1547 717 1578 ι
732 1553 751 1578 υ
765 1570 797 1585 ..

144 1659 312 1725 Aoeeutus
327 1660 489 1725 licentiam
511 1663 753 1728 senariorum
774 1685 902 1728 omnem
918 1666 1106 1748 persecutus
1121 1684 1208 1727 sum:

51 1765 145 1831 ¹volni
166 1770 255 1830 certe
274 1788 402 1831 omnem
422 1769 581 1852 persequi.
612 1769 734 1846 Quodsi
759 1791 842 1854 quae
866 1769 1068 1855 reperiantur
1091 1789 1207 1852 propo

69 1869 104 1885 ‘'
157 1872 287 1956 legibus
311 1895 378 1939 non
404 1875 654 1958 comprehensa,
683 1875 878 1940 confidenter
905 1875 1031 1959 imputa
1055 1874 1207 1940 librariis.

125 2001 265 2062 mquam
300 1981 369 2044 eius
401 1981 528 2066 generis
559 2004 576 2045 e
607 1981 798 2047 Trinummo
827 2004 913 2048 nunc
943 1982 1024 2047 nibil
1056 1982 1209 2048 recordor

132 2090 191 2150 ter
215 2087 420 2170 turpissimos
443 2109 594 2153 numeros
619 2110 647 2152 v.
670 2089 750 2153 200:

145 2226 264 2313 Neque
286 2228 585 2314 mirdacr‘loqairis*)
609 2251 712 2313 neque
736 2234 887 2316 argutum
912 2233 1025 2318 magia.

180 2393 245 2437 vox
277 2372 537 2455 mendicildqoius
569 2373 810 2457 pronuntianda
842 2380 912 2439 erat
943 2374 1140 2457 necessario,
1172 2378 1210 2438 ut

112 2479 209 2543 ximo
233 2500 326 2544 versu
350 2480 643 2562 criafidc'ratildquiaaq
662 2504 726 2546 non
749 2481 1046 2563 confidentiloquiris,
1071 2480 1102 2545 id
1122 2479 1208 2565 quod

136 2585 340 2650 ersissimum
369 2587 511 2651 futurum
541 2595 617 2651 erat.
666 2589 777 2652 Ascita
800 2589 901 2673 igitur
926 2610 963 2651 ex
989 2588 1205 2651 Ambrosiauo
1221 2608 1349 2647 ccxxxn

42 2680 128 2758 Meo
159 2694 321 2777 particula
344 2700 435 2757 vetus
461 2695 574 2757 vitium
607 2697 652 2759 ita
677 2697 723 2759 uti
757 2696 789 2758 in
818 2695 959 2758 editione
988 2694 1109 2758 suetum
1140 2715 1206 2755 sus-

55 2800 187 2884 hstes)

148 2908 201 2970 Ad
226 2907 448 2970 trochaicus
477 2915 583 2971 autem
614 2909 859 2992 septenarios
885 2915 920 2972 ut
944 2914 1121 2989 transeam,
1152 2906 1206 2971 ho·

11 3006 15 3013 ¹
49 3038 128 3081 rum
159 3014 290 3097 quidem
326 3014 529 3096 rhythmicae
561 3017 701 3078 rationes
733 3039 829 3098 quam
860 3016 1058 3099 propinquae
1089 3035 1208 3098 cogua-

48 3123 156 3187 tionis
183 3122 310 3185 vinculo
335 3144 406 3184 cum
431 3122 629 3185 senariorum
661 3122 842 3186 rationibus
866 3123 1107 3203 contineantur,
1135 3143 1207 3184 oum

11 3240 92 3294 'tex
120 3229 179 3310 eis,
203 3249 285 3311 quae
309 3227 414 3291 adhue
433 3228 570 3291 vidimus
591 3229 759 3311 utriusque
778 3229 905 3313 generis
927 3229 1108 3292 communia
1128 3249 1209 3310 esse,

11 3278 154 3415 l‘facile
180 3335 359 3418 colligitur,
387 3339 456 3398 tum
485 3335 612 3416 plonius
642 3357 679 3398 ex
704 3337 749 3399 eis
774 3336 943 3418 apparebit
970 3357 1051 3418 quae
1075 3333 1209 3398 dicenda

11 3416 193 3508 Frestant.
240 3443 347 3524 Atque
380 3446 548 3524 perspecta
578 3445 628 3504 est
659 3465 697 3504 ea
728 3442 867 3506 affinitas
899 3444 963 3506 iam
994 3466 1013 3505 a
1045 3442 1207 3505 veteribus

50 3548 228 3633 magistris
257 3547 337 3629 illis,
370 3549 424 3630 qui
456 3553 679 3612 tetrametrum
712 3549 911 3611 trochaicum
941 3549 986 3611 ita
1016 3547 1209 3613 definierunt

11 3636 90 3767 {ut
120 3654 338 3738 compositum
369 3677 438 3716 esse
467 3678 503 3718 ex
536 3656 673 3718 iambico
698 3656 845 3721 trimetro
870 3662 903 3720 et
927 3655 1001 3718 huic
1028 3657 1207 3739 praemisso

11 3764 157 3897 '—„
193 3800 273 3806 --

12 3922 20 3933 Ι

147 3886 176 3952 ’)
195 3883 296 3953 [‘quod
311 3884 389 3938 aullo
409 3884 491 3938 modo
512 3884 660 3938 defendere
682 3885 876 3940 Lachmauuus
896 3885 923 3937 iu
945 3884 1021 3939 lruor.
1042 3902 1068 3953 p.
1091 3891 1140 3936 12⁹
1160 3884 1205 3937 de-

47 3974 138 4029 buit’
162 3973 265 4041 Trin.¹]

126 4062 173 4129 ”l
193 4062 237 4131 [ln
256 4061 300 4116 ed.
315 4062 363 4116 alt.
385 4062 554 4116 llitechelius
573 4081 597 4118 v.
613 4070 666 4118 200
685 4064 770 4118 etiam
791 4067 905 4134 propter
923 4063 1054 4133 languide
1074 4063 1205 4116 iteratum

12 4162 16 4193 =
48 4153 180 4220 -loqrea'ue
206 4148 275 4202 satis
301 4149 470 4202 confidenter
495 4149 705 4219 interpolatioui
728 4151 840 4219 tribuit,
867 4152 958 4220 qualis
982 4170 1036 4206 non
1057 4168 1119 4204 raro
1138 4150 1206 4218 ipsis

12 4228 14 4233 ¹
49 4240 193 4310 epithetis
213 4238 388 4292 cumulandis
407 4239 666 4308 amplificandisque
685 4245 813 4309 grassata
832 4242 875 4305 sit,
897 4242 972 4293 volut
993 4261 1016 4293 v.
1038 4240 1151 4306 ‘ztllrsql

107 4351 151 4383 rra
172 4347 324 4381 urrscnumr
345 4348 476 4381 ‹srvscvna
497 4349 519 4380 v.
960 4339 992 4378 :lu
