2836 5034
432 332 699 385 nuunsrrorus
722 331 928 381 susurrata
1191 310 1258 379 303

151 474 354 561 diprobabile,
377 478 452 542 octo
470 480 600 543 tantum
618 476 802 542 fabularum
821 475 941 541 finibus
959 472 1259 540 circumscribenda

151 582 193 651 B
214 584 316 649 autcm
347 583 405 667 qui
436 582 517 649 illud
548 587 690 649 testatur
721 582 1011 649 Ottobonisnus
1043 580 1133 647 2005
1164 576 1261 667 (olim

152 688 222 755 ii
243 688 294 755 21.
327 692 362 755 et
386 687 425 770 B.
452 687 516 773 Ill,
550 688 611 776 lb)
643 690 870 755 membraneus
907 708 993 753 enno
1030 702 1260 753 cloccocuvnl
1273 710 1331 753 nu

154 794 281 861 lerariue
301 794 453 881 scriptus,
476 795 613 883 singulis
636 795 812 863 comoediis
830 792 1071 881 elegantissime
1088 792 1178 879 picta
1194 814 1261 859 em·

155 900 271 986 nom,
295 899 436 969 Casinus
463 906 572 969 autem
598 906 723 987 septem
751 900 898 968 versibus
925 900 1079 966 extremis
1105 898 1191 965 banc
1212 898 1261 965 iu·

156 1008 323 1095 ιὶρὲοιιοιιι
340 1010 554 1095 praemissum
571 1008 711 1075 babens:
729 1004 1023 1087 canunoenvs,
1040 1005 1159 1073 iterum
1175 1003 1262 1071 hanc

157 1134 192 1181 ru
216 1116 361 1183 extremis
397 1114 617 1183 cistellarias:
653 1114 840 1181 Recitator
871 1112 1073 1199 calliopas:
1110 1110 1262 1178 similiter

158 1226 220 1307 deus
244 1224 277 1289 in
308 1224 458 1309 plurimis
480 1224 573 1291 libris
597 1222 801 1289 Terentionis
833 1226 867 1289 et
896 1222 1021 1288 iactrrm
1052 1224 1086 1287 et
1116 1221 1261 1285 erratum

160 1344 203 1395 Ι
223 1334 356 1397 mactet
400 1329 496 1399 Hanc
527 1330 629 1419 igitur
660 1328 815 1415 calliopii
847 1330 1083 1412 recensionem,
1114 1327 1142 1393 si
1173 1330 1261 1393 recte

163 1432 254 1521 ἢεί,
279 1438 363 1505 satis
389 1461 448 1525 per
473 1444 599 1505 ceteras
627 1442 738 1526 partes
765 1460 786 1504 a
812 1436 909 1504 nobis
937 1435 1119 1520 descriptus
1140 1454 1162 1513 γ
1184 1456 1261 1519 prae

158 1540 311 1611 atrebat.

211 1648 367 1717 llatatum
402 1650 587 1719 fabularum
618 1652 766 1719 ordinem
797 1654 910 1717 secuta
940 1654 993 1716 est
1022 1648 1197 1717 earundem
1227 1648 1262 1715 iu

151 1750 206 1821 dns
230 1762 339 1843 partes
366 1757 553 1845 diremptio,
584 1781 723 1845 quarum
751 1759 856 1826 altera
881 1760 925 1826 ab
951 1756 1192 1844 Amphitruone
1219 1754 1262 1823 nd

146 1858 304 1951 Epidicum,
330 1887 351 1930 a
376 1864 596 1933 Bacchidibus
623 1866 665 1932 ad
686 1866 918 1933 'l‘rnculentum
948 1865 1054 1931 altera
1075 1864 1262 1951 pertineret
1339 1954 1343 1961 Ι

145 1964 181 2036 ir
197 1970 321 2039 illarum
343 1971 454 2038 codice
476 1977 496 2037 b
519 1973 686 2059 repetendi
702 1974 737 2039 B
755 1977 789 2040 et
806 1972 850 2058 D,
871 1994 1011 2059 quorum
1033 1970 1129 2037 binas
1151 1974 1262 2057 purte·

132 2068 172 2141 'er
194 2079 236 2144 eis
264 2100 347 2164 qnae
379 2102 479 2166 supra
508 2080 678 2146 attulimus
709 2080 913 2167 intellegitur
944 2099 1092 2147 seorsum
1123 2077 1263 2163 scriptas

132 2128 207 2251 ¹une:
224 2185 417 2272 repetendus
429 2184 505 2275 P),
528 2188 584 2272 qui
602 2192 653 2253 est
670 2188 896 2255 membraneus
914 2184 1019 2253 blaesi
1038 2184 1263 2252 Britannici

143 2286 206 2431 ι-ῗῑο,
226 2329 353 2395 rectius
375 2332 485 2396 autem
514 2332 552 2395 ut
574 2330 691 2415 opinor
716 2328 886 2397 undecimo
915 2350 1013 2417 quam
1041 2327 1166 2395 decimo
1193 2346 1264 2393 sae·

144 2468 197 2537 mlo
214 2471 440 2559 tribuitur**):
463 2472 658 2559 repetendus
677 2472 814 2559 denique
836 2474 864 2539 is
886 2470 943 2559 (l),
965 2472 1021 2560 qui
1042 2471 1118 2538 icus
1137 2468 1265 2537 exstitit

147 2575 316 2663 reliquorum
355 2585 428 2647 octo
466 2581 596 2645 fabulas
633 2582 760 2666 priores
798 2581 1096 2664 complectentium,
1133 2577 1262 2642 saeculo

151 2686 226 2751 uon
259 2688 308 2750 vel
342 2687 420 2752 XIV
445 2687 494 2753 vel
518 2685 579 2751 XV
614 2688 809 2773 scriptorum
838 2688 903 2752 fere
937 2686 1096 2751 omnium:
1125 2708 1262 2770 quorum

156 2790 396 2878 &pergrandis
420 2815 573 2858 numerus
597 2798 659 2871 est,
688 2799 798 2858 tamen
822 2792 931 2857 nullus
955 2793 1005 2856 vel
1029 2815 1067 2857 cx
1092 2793 1125 2858 15
1149 2793 1200 2856 vel
1224 2814 1262 2855 ex

158 2888 222 2963 illel
245 2924 281 2964 ex
302 2899 332 2964 J
351 2901 502 2965 mensuit.
541 2900 663 2965 Verum
687 2899 758 2984 hoc,
781 2900 836 2965 ubi
860 2898 900 2964 ad
924 2904 996 2964 octo
1021 2900 1145 2985 priores
1170 2899 1263 2964 eden·

155 2994 335 3092 devenere,
362 3012 396 3072 et
423 3007 652 3073 demonstrabo
681 3012 714 3072 et
742 3006 934 3091 singillatim
963 3028 1151 3090 persequar:
1179 3028 1264 3070 nunc

153 3100 193 3171 loe
208 3135 301 3178 unum
326 3136 458 3198 occupo,
482 3137 640 3179 summam
665 3136 735 3178 csse
759 3117 913 3197 quattuor
931 3113 1060 3178 illorum
1080 3112 1264 3178 similitudi·

151 3229 200 3279 nen
223 3222 386 3305 multoque
415 3221 571 3286 maiorem
601 3243 698 3305 quam
723 3220 860 3305 ‹puae'iu
884 3221 1120 3305 posterioribus
1144 3220 1342 3285 fabulisxrnr

151 3314 210 3387 inter
229 3327 259 3391 B
281 3331 315 3392 et
340 3328 371 3392 Τ
391 3332 424 3392 et
445 3350 464 3407 η
488 3326 680 3393 intercessit.
717 3327 761 3391 Et
787 3327 816 3390 Τ
836 3326 963 3410 quidem
990 3328 1077 3393 volui
1102 3327 1263 3394 Tvunluu

152 3416 204 3492 illas
227 3434 429 3498 membranas
458 3457 541 3515 esec,
571 3457 707 3519 (puerum
736 3434 888 3498 virtutem
918 3436 1097 3499 monstravi
1125 3435 1164 3499 de
1187 3436 1264 3500 crisi

153 3524 185 3596 Pl·
201 3559 226 3620 p.
247 3542 318 3606 155.
342 3541 404 3606 531
418 3564 487 3626 sqq.
512 3540 643 3627 [Opusc.
663 3542 741 3626 phil.
759 3540 790 3604 ll
811 3564 840 3625 p.
860 3542 889 3605 4.
913 3542 1084 3627 121sqq.]:
1109 3565 1189 3626 quas
1209 3544 1265 3627 qui

155 3632 466 3733 inlrancogallorum
496 3649 592 3714 terris
616 3648 755 3713 fortasse
780 3648 971 3731 superstites
995 3649 1173 3735 indagarit,
1201 3651 1263 3715 dici

156 3750 238 3830 nont
255 3776 348 3838 quam
368 3755 412 3820 sit
430 3754 469 3820 de
489 3754 606 3819 Plauto
625 3755 707 3819 bene
726 3755 908 3819 meriturus.
946 3756 1036 3830 (luae
1058 3758 1265 3823 membranae

159 3891 332 3923 κ-

221 3994 245 4066 ⁸)
261 4000 313 4071 [Oi.
331 4001 432 4072 Opusc.
452 4002 521 4073 phil.
541 4000 580 4056 Ill
599 4020 626 4072 p.
647 4002 719 4073 1111]

211 4084 246 4154 ⁸⁸)
262 4089 308 4147 Hir
325 4108 360 4147 ne
374 4092 437 4162 quis
450 4094 582 4162 quartum
596 4092 690 4161 addat,
709 4108 792 4162 quem
807 4092 835 4146 in
849 4092 993 4148 Marciana
1005 4093 1188 4162 bybliotheca
1202 4096 1265 4153 Flo·

164 4167 243 4227 mun
260 4176 338 4236 bodie
361 4184 472 4237 exstare
493 4180 629 4236 Heuricus
652 4181 758 4235 Keilius
781 4183 877 4236 noster
899 4184 1017 4237 testetur
1040 4182 1180 4253 Philologi
1205 4187 1224 4239 t.
1256 4187 1264 4240 l

166 4260 241 4347 bill.
259 4267 395 4325 ruendum
417 4274 461 4325 est
482 4270 647 4341 typothetae
670 4270 741 4325 vitio
759 4270 840 4324 illum
860 4270 897 4325 xl
918 4272 1021 4326 saeculi
1041 4288 1102 4328 csse
1124 4273 1190 4343 legi,
1217 4276 1266 4344 qui

169 4342 194 4391 ¹¹
205 4340 255 4406 W.
284 4355 337 4411 seu
355 4357 409 4413 suo
428 4374 495 4413 aas
513 4357 564 4413 aru
582 4358 697 4413 arurae
715 4376 799 4428 supra
817 4360 925 4429 positos
944 4359 1011 4415 oum
1036 4362 1157 4417 addendi
1177 4369 1267 4437 erunt,

173 4436 219 4490 W
235 4454 294 4498 nuuc
310 4447 436 4503 counito
453 4447 637 4519 praetermisi.
