2836 5034
439 338 675 387 aararnrscna
699 340 828 387 sanan.
1135 322 1200 388 633

156 481 337 545 necessario
370 486 403 545 et
436 483 521 547 inter
548 505 582 546 se
610 483 737 547 vinculo
768 482 926 548 contineri
957 487 990 546 et
1019 504 1092 548 cum
1125 483 1200 567 illis,

134 588 316 671 eprimeria
349 594 532 673 censentur,
565 590 675 655 iuncta
712 611 796 672 esse;
829 594 1032 673 perspectum
1066 593 1129 672 est,
1165 594 1201 653 ut

134 694 168 758 :is
194 696 407 781 complectar,
441 719 600 760 summum
629 699 725 760 tinem
752 696 952 780 philologiae
979 701 1044 760 iam
1072 696 1200 760 adultae

143 803 239 866 alium
260 824 341 885 esse,
360 803 423 867 nisi
444 808 480 866 ut
498 803 641 867 Graecae
659 803 888 885 Romanaeque
907 802 1112 887 antiquitatis
1132 802 1199 866 uni·

135 932 169 973 ae
203 911 300 992 plena
327 910 471 995 cognitio
499 913 703 994 comparetur
731 915 764 974 et
791 911 884 995 quasi
909 912 1018 994 imago
1042 907 1199 993 quaedam

134 1038 166 1080 uo
190 1016 491 1101 comprehendatur.
537 1017 659 1093 Quodsi
683 1019 867 1083 scholarum
891 1017 1049 1082 rationem
1074 1019 1200 1100 reputa·

160 1120 229 1207 (cas
262 1123 348 1205 dico,
380 1124 496 1208 quibus
530 1123 570 1189 ad
603 1125 788 1190 academica
817 1124 924 1189 studia
954 1123 1060 1188 aditus
1090 1121 1199 1207 parari

134 1228 172 1314 t),
196 1230 329 1314 numqui
352 1231 435 1295 tradi
460 1231 627 1316 discipulis
651 1231 809 1314 videmus,
837 1236 1053 1315 quotcumque
1076 1230 1200 1295 littera-

155 1337 423 1422 philulogicarum
448 1359 566 1423 genera
594 1339 644 1403 vel
669 1339 747 1404 olim
771 1342 912 1404 tractata
935 1337 1074 1402 suntab
1096 1337 1201 1402 doctis

134 1445 242 1509 sinibus
276 1447 325 1510 vel
356 1470 441 1512 nunc
472 1448 558 1512 laete
596 1448 725 1532 lateque
757 1446 989 1511 effloruerunt?
1025 1446 1115 1511 illine
1150 1444 1200 1509 vel

134 1553 281 1618 nmatieis
303 1555 430 1638 linguae
448 1555 684 1620 subtilitatibus
705 1554 904 1638 quibuslibet
920 1553 1131 1619 imbuuntur?
1151 1553 1200 1617 vel

134 1663 293 1725 ,cacantis
322 1662 539 1745 captiuncnlis
568 1663 779 1727 irretiuntur?
807 1662 858 1726 vel
887 1660 926 1726 sd
955 1659 1200 1744 antiquitatium

134 1812 137 1826 ,
157 1788 254 1849 saepe
273 1767 405 1831 dumeta
423 1768 601 1833 obscurare
621 1769 808 1834 umbracula
826 1768 1054 1854 pelliciuntur?
1077 1766 1128 1831 vel
1155 1767 1201 1831 iu·

134 1874 227 1937 urin
254 1876 436 1941 reconditos
462 1898 606 1961 quosque
633 1876 753 1941 artium
776 1875 1022 1960 litterarumque
1044 1872 1202 1939 historiae

134 2002 204 2045 ssus
227 1981 479 2068 interioremque
503 2005 620 2047 nerum
645 1985 836 2068 penetrare?
868 1981 960 2047 Nihil
978 1982 1097 2047 horum
1116 1981 1201 2046 vide

160 2088 237 2151 fieri.
284 2090 366 2164 Quid
394 2091 517 2176 igitur?
549 2090 682 2155 haccine
714 2090 795 2155 satis
824 2089 909 2154 inter
939 2112 973 2154 se
1007 2089 1203 2155 concinunt?

144 2195 189 2259 sic
218 2196 327 2278 potius
357 2197 577 2282 statuendum,
606 2202 641 2262 ut
671 2198 784 2262 autin
807 2219 861 2261 eas
886 2198 973 2281 ipsas
997 2200 1103 2280 partes
1127 2196 1202 2261 diri·

134 2300 163 2365 la
190 2301 420 2367 discentium
452 2303 572 2386 studia,
604 2308 660 2368 aut
694 2304 840 2368 inutilem
870 2325 954 2387 ease,
991 2325 1073 2388 quae
1107 2303 1202 2368 hodie

133 2409 243 2492 uritur,
266 2410 486 2473 docentium
509 2410 689 2475 doctrinam
712 2409 912 2474 iudicemus?

149 2513 221 2579 Non
250 2516 427 2599 poterimus
456 2517 617 2581 mehercle
646 2518 680 2582 in
712 2518 773 2582 hac
806 2517 995 2602 quaestione
1029 2517 1201 2601 quicquam

134 2623 225 2706 icere,
249 2625 323 2705 nisi,
347 2647 419 2708 quo
448 2625 579 2688 tandem
603 2626 768 2689 consilio
793 2648 830 2689 er
855 2624 1061 2708 antiquitatis
1084 2622 1199 2687 studiis

134 2730 190 2793 ilis
223 2731 341 2794 aetatis
379 2733 618 2796 institutionem
651 2733 823 2817 praecipue
860 2754 975 2796 nexam
1013 2731 1200 2808 babeamus,

134 2837 301 2903 esierimns.
348 2837 446 2903 Cuius
477 2841 603 2904 consilii
632 2842 790 2905 rationem
819 2840 953 2905 fallatur
981 2837 1036 2922 qui
1058 2860 1096 2902 er
1120 2838 1200 2922 ipsis

134 2942 241 3017 sinibus
261 2945 357 3008 huius
377 2944 567 3029 disciplinae
587 2947 798 3012 scholasticae
822 2950 965 3031 repetere
989 2945 1203 3029 aggrediatur.

134 3071 158 3111 m
180 3073 254 3115 vero
278 3075 341 3136 quc
366 3055 603 3118 renascentium
631 3055 811 3118 litterarum
842 3054 970 3118 saeculo
994 3053 1133 3137 primum
1157 3051 1204 3114 in·

134 3156 156 3217 ui
170 3159 313 3239 publicae
329 3159 460 3224 scholae
475 3160 686 3224 humanitatis
702 3166 834 3244 coeptae
850 3164 932 3243 sunt,
953 3182 990 3224 co
1005 3159 1204 3223 hominesne

134 3270 237 3329 nerunt
260 3266 386 3348 quidem
412 3268 475 3331 nisi
500 3291 537 3331 ex
557 3269 753 3352 incorruptis
777 3268 1034 3353 antiquitatis
1058 3265 1204 3331 fontibus

134 3389 256 3455 ernoquc
285 3374 431 3457 exemplo
461 3374 597 3438 salntem
623 3398 773 3460 quaerere
797 3399 897 3460 saque
922 3374 1068 3439 liberalis
1093 3375 1202 3440 educa·

134 3475 167 3537 ris
194 3483 224 3542 et
251 3481 289 3543 ad
319 3481 555 3545 humanitatem
586 3483 825 3546 inlbrnrationis
848 3484 1065 3546 instrumenta
1088 3486 1204 3565 petere,

134 3601 153 3641 c
169 3605 254 3649 snae
274 3587 390 3650 aetatis
411 3587 500 3651 labes
521 3593 553 3650 ct
577 3589 743 3652 barbaries
763 3590 932 3672 praeberet
950 3588 1048 3652 nulla.
1082 3587 1204 3650 Verum

139 3707 228 3767 quarn
256 3693 342 3756 viam
372 3695 510 3762 maiores
541 3702 667 3758 lustros
697 3697 871 3759 necessitas
900 3695 1056 3778 quaedam
1085 3693 1205 3777 adegit,

134 3812 136 3847 Ι
163 3816 220 3861 nos
251 3824 335 3864 niinc
366 3802 515 3864 consulto
544 3807 577 3864 et
607 3803 744 3866 scientes
776 3806 934 3882 tenemus,
966 3799 1084 3885 quibus
1113 3801 1205 3885 larga

134 3916 140 3953 ⁹
165 3905 199 3963 et
216 3908 382 3990 multiplex
404 3909 549 3991 suppetit
569 3908 813 3973 erudiendorum
834 3907 1037 3991 ingeniorum
1057 3908 1203 3972 materia.

134 3999 140 4061 l
169 4005 270 4090 igitur
290 4014 368 4077 illud
389 4019 439 4077 est
459 4016 596 4096 tandem,
620 4015 703 4098 qrrod
724 4014 904 4078 tralaticiac
924 4014 1111 4098 disciplinae
1131 4036 1203 4079 con·

134 4110 279 4184 *tionem
303 4121 463 4204 hodieque
488 4123 644 4186 suadeat?
678 4121 799 4197 Quodsi
824 4143 935 4185 verum
959 4125 1053 4203 esset,
1076 4119 1160 4204 qnod
1185 4144 1204 4183 a

134 4218 255 4291 ¹8<leam
284 4228 397 4292 iactari
427 4229 615 4311 accipimus,
644 4229 698 4312 qui
728 4228 856 4312 quidem
886 4227 1052 4311 discipulis
1076 4247 1205 4310 quoque

134 4334 319 4399 patenum
348 4335 439 4399 illurn
468 4337 671 4419 aritiquitatis
703 4357 833 4399 sensum
867 4334 1089 4399 iurbihendum
1120 4335 1203 4396 vete·

135 4442 192 4495 ¹¹⁹
216 4442 409 4528 populorum
430 4442 528 4506 vitam
548 4465 585 4507 ac
604 4443 793 4507 memoriam
812 4443 899 4507 velut
917 4438 1106 4505 intuendam
1134 4460 1204 4503 esse
