2836 5034
405 320 668 373 numnarroms
691 322 901 373 nnavrrnan
1165 306 1233 373 449

134 468 220 533 ndns
241 464 423 537 casellis.
445 466 526 533 582:

183 604 240 673 llio
260 604 403 693 Cillicli,
425 630 478 674 ma
500 614 539 675 ut
559 608 731 675 waaaaidt.
767 606 828 675 ΒΤ.
850 608 930 695 quin
951 612 989 675 tu
1011 605 1027 673 i
1045 608 1153 675 modo.

134 745 158 811 b
175 748 423 835 interrogatione
449 750 592 817 tortasse
615 750 743 817 veniam
772 750 872 817 habet
893 748 1011 817 Bacch.
1034 750 1101 817 214
1124 750 1234 837 [dddlz

182 888 283 961 saue
319 892 375 959 sed
399 894 567 960 ubinamst
588 892 822 961 Masonsa?
868 890 937 959 GH.
959 890 1054 979 uiuit,
1075 892 1179 959 ualet:

134 1052 284 1121 unquam
306 1035 354 1101 ibi
376 1058 442 1102 non
464 1038 575 1122 inepte
598 1036 738 1103 Bothius
759 1037 815 1105 soi
835 1032 1049 1103 Mosam
1068 1054 1147 1101 m
1167 1034 1234 1101 cat?

134 1142 271 1225 reposuit,
298 1164 381 1227 qaae
404 1142 577 1212 collocatio
599 1144 854 1231 interrogativae
874 1164 952 1209 noas
972 1140 1152 1229 pauculas
1174 1140 1234 1207 ali·

134 1248 240 1316 rodens
262 1248 453 1316 oblitterata
475 1256 527 1317 est
552 1250 606 1335 (ut
626 1251 703 1319 hinc
723 1250 854 1335 quidam
875 1248 974 1317 nulli·
989 1249 1032 1315 lis
1055 1248 1106 1314 sit·
1120 1252 1234 1319 nostro

134 1355 314 1440 pplemeuto
337 1356 497 1424 movenda
518 1356 606 1423 'irin
633 1358 720 1447 130).
760 1358 840 1425 Plus
862 1358 963 1423 etiam
987 1354 1177 1422 offensionis
1199 1354 1234 1419 in
1247 1370 1348 1413 001111

134 1482 154 1525 ie
175 1462 335 1527 enuntiati
359 1463 468 1549 posita
488 1466 597 1531 ionica
618 1486 680 1532 vox
703 1462 846 1551 habet*)
866 1462 985 1530 Bacch.
1007 1462 1073 1529 299
1097 1460 1206 1547 [33112

177 1602 241 1671 Sed
263 1604 397 1673 diuesne
420 1607 483 1672 iste
506 1609 558 1672 cst
582 1607 788 1713 Tidotisnsis?
823 1606 892 1699 GH.
913 1606 1014 1673 atidrn
1036 1602 1159 1691 rogas?

134 1746 179 1813 ius
207 1768 281 1813 cum
305 1749 412 1815 simile
434 1749 618 1835 exemplum
640 1750 801 1837 ignorem,
829 1750 941 1817 nescio
964 1770 1007 1815 an
1028 1746 1083 1815 hic
1105 1768 1235 1833 quoque

134 1876 203 1921 ram
219 1852 360 1923 Bothius
380 1856 508 1941 viderit,
529 1860 725 1943 praesertim
748 1881 823 1925 cum
839 1859 875 1925 in
893 1856 988 1924 libris
1005 1877 1074 1923 non
1089 1854 1156 1933 istc,
1178 1854 1234 1921 aad

134 1963 156 2029 ’a
177 1964 238 2030 sit:
819 1973 827 1986 ‘

175 2104 241 2173 aaa
263 2106 341 2173 aaa
362 2106 555 2173 Theotimus
578 2107 712 2175 eslans
735 2108 808 2175 esav
844 2105 913 2175 cn.
935 2060 1036 2173 sach
1058 2102 1181 2192 ragau

134 2272 169 2315 m
194 2248 421 2316 choriambicis
445 2254 555 2315 autam
580 2250 746 2317 vocabulis
769 2250 831 2317 etsi
853 2272 912 2335 per
934 2272 970 2317 sc
993 2246 1128 2315 minima
1149 2268 1234 2313 com·

134 2354 234 2423 randa
257 2360 333 2421 sunt
355 2358 622 2441 anapaestico,
653 2378 728 2441 noc,
756 2356 812 2423 nbi
835 2360 1017 2443 oxytonum
1038 2376 1105 2422 non
1129 2354 1234 2441 acqui-
1322 2338 1333 2361 ⁹

134 2485 154 2549 .·,
187 2462 430 2547 anapaesticum
462 2466 596 2548 quartus
628 2486 685 2548 pes
718 2462 864 2529 admisit:
901 2460 992 2549 (nam
1024 2460 1234 2529 deterrimum

134 2592 216 2634 rsnm
242 2568 310 2633 Mil.
333 2568 381 2653 ΙΙ,
404 2572 434 2652 a,
459 2572 500 2635 73
523 2570 655 2635 Fateor:
677 2570 791 2653 ascelini
808 2568 929 2651 fateare
949 2570 1063 2653 eymndt
1083 2568 1166 2651 quod
1184 2570 1235 2631 ai·

134 2680 184 2742 ·im
214 2676 300 2742 infra
328 2676 610 2761 emaculabimusi)
634 2683 743 2742 tamen
767 2683 856 2742 certa
878 2676 940 2741 hac
963 2676 1164 2759 condicione,
1198 2677 1235 2739 nt

134 2807 161 2849 m
185 2785 412 2867 monosyllaba
435 2806 512 2849 voce
535 2785 566 2848 in
592 2784 801 2849 choriambici
826 2785 975 2850 vocabuli
999 2783 1138 2868 speciem
1162 2804 1235 2847 coa·

134 2898 224 2957 aeret
252 2891 508 2975 anapaesticum,
541 2892 635 2975 eique
663 2892 898 2957 consociationi
926 2913 992 2956 non
1014 2894 1235 2975 repugnarent

134 2998 147 3063 d
163 3001 313 3065 faverent
332 2999 581 3064 constructionis
600 2999 934 3083 interpunctionisque
953 2998 1134 3081 intervalla,
1152 2997 1235 3061 raris

134 3106 283 3172 ibusdam
312 3107 468 3190 exemplis
497 3105 581 3169 idem
609 3094 696 3190 quod
718 3106 752 3169 in
775 3104 1005 3170 choriambicis
1029 3105 1151 3170 factum
1176 3108 1235 3168 eat.

134 3210 175 3276 inc
192 3214 296 3297 igitur
315 3217 366 3278 eat
385 3235 442 3276 cur
456 3212 632 3277 offensione
647 3217 779 3278 careant
792 3211 861 3277 Mil.
874 3210 900 3296 l,
913 3214 939 3295 1,
949 3214 979 3277 6.
994 3212 1045 3278 29.
1068 3210 1126 3296 lv,
1136 3212 1167 3296 3,
1177 3212 1233 3277 32:

179 3354 228 3419 Ne
253 3356 449 3420 lamentetur
471 3357 547 3419 osiae
568 3356 710 3419 acriorum
733 3355 941 3439 despondeat.

181 3460 320 3527 Coniaus
343 3484 445 3544 esses,
462 3463 521 3542 μέν
543 3463 673 3540 corioro,
697 3484 754 3544 per
778 3459 910 3526 uiscera

181 3568 268 3633 lstric
290 3591 369 3633 caue
393 3567 490 3633 laxis:
513 3571 591 3648 qaia
608 3570 714 3649 potius
736 3590 793 3652 per
817 3568 967 3652 gritiam.

134 3709 164 3771 cd
183 3711 264 3793 quod
282 3711 386 3776 multo
405 3733 482 3775 sane
501 3712 607 3795 magis
627 3711 745 3774 mirum
764 3716 824 3791 est,
846 3709 928 3773 illud
947 3714 1007 3789 cst,
1029 3709 1113 3793 quod
1133 3709 1233 3773 etiam

134 3815 318 3903 iolossum‚
350 3819 405 3902 qni
438 3818 496 3881 etsi
531 3840 714 3882 mensuram
748 3816 928 3883 choriambi
960 3821 1092 3900 aequat,
1124 3822 1234 3880 tamen

134 3917 217 3984 uirum
239 3928 392 4007 quantum
421 3924 462 3987 ab
486 3925 555 3988 eius
580 3923 785 3989 volubilitate
810 3923 924 4008 distat,
947 3946 1011 3989 non
1034 3944 1169 4007 prorsus
1193 3923 1234 3986 ab

134 4018 169 4086 llo
185 4046 284 4093 versus
306 4029 378 4096 loco
403 4030 568 4094 exclusum
592 4029 694 4095 luisse
712 4029 870 4114 exemplis
889 4030 1080 4095 credendum
1099 4033 1157 4094 est.
1189 4028 1235 4092 Et

134 4134 262 4199 amatio
280 4136 407 4222 quidem
428 4136 549 4220 eadem,
572 4158 654 4221 quae
674 4137 847 4201 verborum
866 4137 1034 4204 ordinibus
1052 4136 1235 4203 mametim

134 4238 249 4307 While
255 4245 357 4324 misit,
372 4249 487 4327 parata
500 4242 586 4308 foret
598 4242 720 4308 talibus
739 4243 835 4327 quale
849 4241 936 4307 Tria.
946 4244 1012 4308 550
1026 4242 1235 4328 vulgabatur:

134 4436 136 4445 '
216 4427 237 4495 'l
251 4434 299 4505 [Οἱ
316 4435 406 4493 'irin’
423 4439 519 4493 annot
538 4436 575 4491 ad
593 4455 619 4493 v.
639 4435 713 4507 ⁹22]

181 4524 210 4563 ἢ
224 4534 356 4581 ”amau
375 4546 512 4583 orvacvna
533 4546 559 4582 ν.
988 4530 1022 4579 tt
