2886 5032
543 324 700 373 nunnus.
1128 308 1191 372 759

45 466 180 551 attinet,
215 488 279 532 non
314 467 406 533 licuit
433 485 490 551 ru,
524 466 634 533 cuius.
653 469 716 533 scis
750 471 871 553 quanto
899 467 1003 535 teneri
1032 467 1191 533 desiderio

44 574 183 658 soleam,
217 574 251 638 iu
284 573 518 638 iucundissimo
551 574 696 658 hospitio
724 575 902 640 Dresdensi
935 598 1044 641 coram
1072 574 1190 639 intueri

45 684 143 765 atque
180 680 345 766 appellare
377 698 541 758 vvanQvn
574 680 704 747 virtutis
739 683 979 748 venerationem
1012 704 1084 746 cum
1117 704 1190 746 sua-

46 788 187 853 vissimis
216 788 328 852 amicis
358 792 391 853 et
418 788 632 854 familiaribus
661 790 913 874 communicare,
937 812 1074 875 quorum
1097 811 1189 874 prae·

45 895 150 961 sentia
180 894 306 960 conicio
334 895 434 960 istum
462 914 508 960 ΤΕ
537 896 684 981 praeside
706 897 868 962 illustrem
899 902 1093 963 conventum
1116 920 1189 963 con-

44 1002 197 1067 decorari.
243 1001 335 1078 Quod
363 1003 491 1087 quidem
521 1024 678 1087 pergrave
709 1003 790 1068 mihi
822 1004 977 1070 damnum
1010 1009 1047 1070 ut
1080 1006 1188 1090 aliquo

44 1109 142 1176 modo
162 1110 351 1174 resarcirem
371 1132 540 1196 meamque
559 1111 703 1175 absentis
722 1112 913 1177 memoriam
933 1134 1006 1177 eum
1027 1130 1098 1176 run
1118 1116 1187 1177 tum

43 1222 93 1283 tot
120 1216 205 1282 caris
236 1217 398 1302 capitibus
426 1218 682 1303 redintegrarem
710 1222 742 1282 et
765 1218 881 1283 saltem
910 1220 956 1283 sic
984 1242 1059 1303 pars
1083 1241 1187 1284 essem

42 1324 242 1390 laetissimae
271 1324 436 1389 societatis
472 1328 613 1409 vestrae,
640 1325 720 1390 haec
750 1325 790 1389 ad
818 1343 862 1389 ru
895 1325 967 1389 misi
1002 1325 1041 1387 do
1069 1325 1141 1389 loco
1170 1347 1187 1389 e

41 1430 267 1497 communibus
286 1431 405 1496 litteris
424 1431 528 1515 petito
547 1453 650 1515 nuper
668 1433 856 1515 perscripta.
894 1430 982 1507 Quae
1006 1449 1076 1495 'run
1096 1452 1188 1495 sacra

40 1543 153 1604 essent
175 1538 275 1603 etiam
298 1558 363 1602 non
388 1542 590 1604 consecrata:
622 1557 692 1603 Tun
722 1540 807 1603 enim
836 1542 969 1622 accepta
997 1540 1189 1622 referuntur,

42 1646 96 1731 qui
112 1667 179 1709 non
194 1648 322 1710 tantum
336 1645 377 1709 ad
392 1645 605 1710 humanitatis
621 1645 728 1710 studia
743 1650 776 1710 et
790 1646 860 1730 ipse
880 1649 913 1709 et
931 1668 989 1731 per
1009 1645 1187 1731 lleisigium

40 1769 138 1817 ’rvvn
163 1751 380 1835 Lobeclriique
408 1770 467 1816 rvr
492 1751 712 1836 Spitznerum,
737 1775 818 1838 quos
843 1775 915 1817 cum
938 1757 990 1818 tot
1013 1753 1088 1817 aliis
1108 1753 1186 1817 viris

39 1876 134 1924 ΜΕ
162 1862 257 1944 grata
279 1857 436 1924 Borussia
463 1859 651 1944 disciplinae
680 1860 789 1944 debet,
812 1860 891 1924 olim
915 1883 966 1925 me
991 1861 1187 1945 informaris,

38 1966 97 2032 sed
134 1966 234 2030 etiam
264 1965 395 2050 horum,
428 1989 511 2051 quae
541 1967 581 2031 ad
618 1968 777 2031 comicum
810 1972 973 2051 spectant,
1006 1967 1187 2033 studiorum

37 2095 123 2139 unus
153 2073 233 2138 mihi
261 2073 324 2137 dux
354 2077 386 2137 et
413 2073 484 2137 sola
507 2078 636 2157 praeter
668 2073 812 2137 divinum
841 2072 989 2138 Britanni
1021 2075 1186 2159 ingenium

39 2181 96 2247 lux
124 2181 296 2246 exstiteris.
343 2180 465 2257 Quodsi
489 2202 559 2244 cam
592 2181 697 2262 ipsam
726 2202 857 2264 operam
887 2198 997 2264 rvnsr,
1029 2204 1093 2265 qua
1116 2185 1185 2246 tam

42 2289 241 2373 praeclaram
259 2288 346 2352 viam
366 2286 522 2371 stravisti,
546 2287 718 2370 aliquoties
736 2308 822 2351 nunc
846 2287 1049 2371 impugnavi:
1073 2289 1105 2352 id
1130 2289 1184 2353 ubi

41 2398 126 2462 recte
154 2396 276 2478 fecero,
307 2394 438 2459 minime
466 2394 578 2458 dubito
608 2393 685 2478 quin
709 2394 793 2458 idem
818 2398 875 2458 aut
897 2394 1021 2478 pridem
1045 2395 1114 2478 ipse
1137 2395 1184 2459 in-

37 2502 203 2569 tellexeris
235 2507 293 2567 aut
320 2523 431 2566 eorum
459 2523 542 2585 quae
565 2500 646 2565 mihi
669 2501 834 2586 contigere
865 2500 1101 2585 praesidiorum
1124 2524 1184 2566 usu

37 2610 114 2675 ilico
137 2607 367 2690 intellexisses,
394 2607 451 2673 ubi
475 2608 581 2673 minus
605 2611 704 2689 recte,
727 2607 812 2671 haud
836 2611 968 2691 gravate
998 2607 1093 2671 liberi
1116 2608 1183 2673 lau·

36 2716 134 2782 dator
152 2715 218 2780 oris
238 2714 445 2779 condonabis.
482 2714 578 2799 Vale,
597 2713 765 2779 carissime
785 2712 999 2797 Hannnrvn'u,
1023 2715 1072 2779 vir
1090 2715 1184 2779 laude

36 2846 111 2889 mea
133 2821 278 2908 qualibet
302 2822 417 2887 maior:
446 2827 637 2906 nostrasque
657 2822 792 2905 litteras,
817 2820 902 2905 quod
926 2843 982 2904 per
1006 2826 1056 2885 tot
1079 2822 1184 2886 lustra

35 2931 160 3014 fecisti,
182 2952 246 2993 uon
270 2928 414 2994 Dresdae
437 2933 579 3013 tantum,
603 2928 659 2992 sed
682 2950 740 3013 per
762 2928 919 3012 plurimos
944 2950 1045 2992 annos
1072 2950 1182 3013 regere

34 3058 150 3123 perge:
179 3057 277 3121 perge
301 3037 382 3100 bene
406 3034 485 3101 mihi
509 3035 606 3120 velle,
630 3038 663 3099 et
686 3036 714 3099 si
738 3035 794 3119 qui
812 3035 1051 3119 philologorum
1076 3035 1182 3119 auspi·

34 3148 110 3209 cato
148 3161 218 3209 ‘rvo
251 3142 469 3208 moderamine
502 3143 692 3207 laetantium
725 3142 804 3207 mihi
842 3143 922 3207 beno
956 3142 1078 3226 volent,
1109 3163 1181 3207 meo

33 3250 182 3333 nomine,
205 3248 234 3314 si
257 3250 306 3314 fas
330 3254 380 3314 est
401 3253 523 3335 petere,
547 3250 662 3314 salute.

126 3427 315 3492 Scribebam
339 3428 472 3493 Bonnae
496 3428 523 3491 X
549 3425 634 3492 Knu.
659 3427 740 3492 Ocv.
764 3452 791 3491 a.
816 3444 1140 3493 crorocccxxxxnn.
