2886 5032
173 313 237 377 640
550 327 782 375 nararnrscua
807 326 935 376 annun.

173 471 307 556 cognitu
340 493 405 536 non
440 470 649 534 iniucundum
688 491 704 533 e
736 470 963 534 communibus
1000 469 1116 533 litteris
1148 468 1269 532 tractaret

175 577 309 642 lamiam
335 577 403 640 dies
428 577 625 640 constitutus
649 598 720 640 esse
743 576 892 660 publicae
915 575 1155 640 sollemnitatis:
1185 575 1270 638 fervere

173 706 245 749 cum
266 683 407 748 oratoris
427 705 509 767 opus
533 688 601 748 tum
625 682 825 748 invitatoris:
849 704 922 748 cum
946 683 1094 747 luctuosa
1117 689 1208 747 morte
1224 678 1272 743 lu·

173 809 293 855 numer
318 789 490 854 lenunnss
514 790 563 854 111
594 791 698 855 omnis
730 789 862 854 illarum
892 812 1000 855 rerum
1032 788 1174 855 condicio
1201 785 1274 852 subito

175 903 320 963 mutatur
339 897 372 961 in
391 898 575 980 recentique
594 902 627 961 et
645 919 721 961 vero
741 897 892 983 graviore
910 920 988 962 casu
1008 902 1192 963 cunctorum
1209 889 1275 958 animi

173 1004 266 1068 defixi
296 1003 530 1087 aliquantisper
558 1004 709 1088 repositis
734 1009 766 1068 et
789 1004 901 1069 dilatis
930 1004 1080 1089 pristinis
1103 1002 1232 1068 consiliis
1248 999 1277 1062 in·

173 1110 332 1192 tellegunt
362 1110 506 1194 propiori
537 1110 644 1175 officio
675 1111 941 1176 satisfaciendum
970 1133 1050 1176 esse.
1096 1111 1232 1192 Interim,
1253 1125 1279 1169 ue

174 1215 453 1282 Altensteinianae
481 1218 655 1282 memoriae
685 1217 787 1282 debiti
809 1218 949 1284 honores
972 1218 1075 1283 nimia
1100 1239 1188 1283 mora
1207 1212 1280 1280 arla·

173 1326 294 1406 rentur,
318 1327 469 1407 coeptum
494 1325 734 1417 commentandi
759 1347 840 1408 opus
864 1323 1047 1389 continuari
1065 1324 1228 1408 perficique
1241 1321 1281 1383 ius·

174 1450 245 1492 sum
270 1433 332 1493 est:
355 1452 415 1495 nec
438 1431 524 1494 enim
548 1436 674 1496 aestate
697 1432 763 1496 iam
787 1437 940 1517 vergente
964 1431 1024 1496 otii
1048 1430 1129 1496 satis
1153 1428 1282 1514 superent

174 1534 214 1599 ad
242 1536 361 1600 iustam
386 1535 576 1602 Memoriam
604 1537 885 1623 conscribendam,
918 1537 1024 1622 qualis
1048 1560 1142 1621 sane,
1171 1537 1197 1600 si
1218 1531 1280 1598 onit-

174 1641 290 1706 tendae
318 1642 466 1726 publicae
494 1645 649 1709 orationis
673 1644 851 1710 necessitas
875 1644 1056 1729 praevideri
1081 1645 1124 1709 ab
1147 1644 1230 1708 initio
1246 1658 1281 1723 pc

175 1749 300 1830 tuisset,
324 1750 467 1814 omnium
487 1752 794 1817 convenientissima
813 1752 914 1816 videri
933 1751 1098 1816 debuerat
1128 1749 1180 1816 Sic
1195 1749 1282 1813 sacha

175 1858 238 1938 est,
275 1861 311 1919 ut
342 1857 497 1921 levidensi
532 1859 723 1924 documento
757 1858 898 1924 studium
932 1880 970 1923 ac
997 1858 1196 1924 voluntatem
1221 1869 1281 1918 sucu

176 1965 272 2044 grata
295 1961 472 2028 Friderieia
496 1962 671 2030 Guilelmia
694 1964 852 2030 Rhenana
881 1986 965 2031 nunc
993 1968 1148 2048 testetur,
1178 1970 1208 2028 et
1226 1952 1283 2044 quld

143 2089 241 2132 vnon
265 2070 345 2133 satis
369 2068 503 2154 dignum
527 2071 628 2136 tantis
651 2072 827 2136 virtutibus
852 2094 922 2136 esse
946 2071 1103 2155 videatur,
1126 2074 1281 2156 quanam

176 2174 423 2244 admirationem
447 2178 642 2243 declaraturi
665 2200 785 2244 snmus.
822 2176 1034 2263 Quamquam,
1060 2179 1089 2241 si
1112 2177 1187 2242 licet
1207 2187 1282 2239 veruo

176 2281 281 2366 fateri,
304 2306 369 2347 non
393 2287 461 2349 tam
485 2285 636 2369 alienum,
660 2307 758 2369 quam
776 2285 916 2368 cuipiam
935 2284 1077 2349 fortasse
1096 2284 1241 2362 videatur,
1255 2274 1281 2338 ab

175 2387 268 2453 Illius
291 2390 497 2473 potissimum
518 2391 590 2456 Viri
613 2392 818 2477 praestantia
840 2391 953 2456 haberi
977 2391 1040 2456 hoc
1058 2391 1175 2476 ipsum,
1196 2390 1224 2453 in
1242 2400 1282 2468 qul

176 2495 423 2581 elaboravimus,
447 2504 674 2582 argumentum
694 2498 804 2563 debet:
826 2497 1089 2583 qnandoquidem
1109 2498 1163 2562 vix
1180 2490 1283 2563 exstat

176 2623 259 2685 quae
289 2625 361 2667 cum
386 2604 478 2669 lllius
508 2605 660 2670 laudibus
690 2605 809 2671 rectius
841 2627 939 2689 quam
969 2605 1135 2669 luculenta
1158 2588 1283 2668 Pisistrati

178 2708 419 2794 Ptolemaeique
448 2711 651 2795 Philadelphi
681 2712 829 2795 exempla
855 2715 1094 2795 comparentur.
1142 2711 1223 2787 Quos
1240 2701 1282 2773 lllt

178 2816 204 2878 si
230 2817 263 2881 in
287 2818 376 2901 regio
401 2819 472 2883 loco
497 2819 674 2883 collocatus
698 2818 824 2902 fuisset,
848 2818 934 2883 haud
959 2818 1027 2883 scio
1048 2842 1090 2882 an
1111 2819 1205 2883 etiam
1223 2827 1282 2892 supr

176 2929 288 3007 rasset,
317 2926 349 2988 in
375 2926 434 2989 hac
459 2930 582 3007 autem,
613 2948 694 3009 quae
719 2928 747 2990 ei
772 2927 925 3009 contigit,
949 2926 1036 2989 vitae
1061 2926 1281 2990 condiciones

176 3032 248 3114 giae
278 3035 426 3117 proxima
454 3032 517 3097 dici
540 3037 650 3115 potest
673 3034 856 3097 aemulatus
878 3055 947 3096 esse
971 3032 1177 3096 felicissime:
1206 3028 1282 3093 taulus

177 3140 209 3201 iu
234 3140 295 3205 lllo
320 3146 391 3205 erat
413 3164 478 3204 non
503 3139 594 3204 amor
617 3145 745 3204 tantum
769 3142 889 3204 artium
912 3140 1172 3224 litterarumque,
1193 3128 1283 3201 sealt

176 3249 264 3310 terae
288 3247 392 3330 ipsae,
423 3252 515 3311 tanta
544 3248 578 3311 in
606 3248 694 3310 omni
719 3266 836 3330 genere
860 3247 982 3330 ingenii
1008 3247 1200 3327 liberalitas,
1223 3237 1284 3304 tsntl

178 3376 284 3417 rerum
323 3354 650 3418 administrandarum
688 3354 919 3438 intellegentia.
984 3348 1284 3435 Circumspiciteduffl·

177 3461 252 3543 quid
278 3462 321 3524 sit
345 3460 434 3543 illud,
458 3484 515 3524 cur
533 3461 618 3525 inter
637 3461 834 3524 cultissimas
854 3465 965 3544 gentes
986 3461 1202 3543 principatum
1219 3467 1285 3538 quer·
1317 3492 1321 3539 ,

177 3567 251 3630 dam
281 3565 495 3631 Borussorum
525 3568 649 3633 civitati
678 3568 883 3632 consentiens
912 3588 973 3630 vox
1003 3566 1156 3651 Europae
1187 3554 1286 3627 tribult
1318 3566 1321 3639 j

178 3673 238 3748 Qui
263 3674 462 3757 principatus
487 3696 559 3738 cum
583 3674 702 3758 duplici
727 3694 842 3758 genere
866 3674 1086 3737 contineatur:
1115 3690 1242 3756 quorum
1261 3657 1286 3725 ll·
1319 3748 1321 3753 Ι

176 3785 281 3844 terum
311 3782 344 3844 in
373 3781 555 3845 litterarum
584 3783 729 3865 ipsarum
753 3781 831 3844 flore
855 3801 893 3843 ac
916 3780 1033 3844 robore
1058 3781 1213 3860 cernitur,
1237 3772 1289 3837 altr
1319 3776 1321 3785 '

176 3907 248 3949 rum
273 3887 305 3949 in
325 3887 529 3950 institutione
548 3887 679 3969 publica
698 3907 755 3968 per
775 3886 920 3969 singulas
940 3886 1040 3969 ampli
1060 3886 1291 3971 imperiique

178 3995 286 4074 urbes,
321 3995 454 4077 oppida,
488 4015 590 4078 pagos
619 3994 831 4058 saluberrimo
861 3993 997 4057 consilio
1025 3992 1235 4077 aequabiliter
1258 4002 1292 4067 pl·

177 4106 278 4165 tente:
311 4101 369 4163 has
403 4101 481 4164 (luas
516 4123 567 4164 res
599 4122 707 4164 nonne
735 4100 881 4163 videmus
909 4099 974 4163 iam
1005 4100 1105 4164 etiarn
1141 4103 1294 4163 exarsum

178 4216 393 4292 quotcumque
418 4231 530 4290 sapere
555 4231 588 4271 se
612 4209 737 4290 volunt,
771 4206 1170 4289 admirari,'oollaudare,
1201 4192 1296 4268 imitari

178 4337 240 4378 nou
266 4317 334 4379 sinc
359 4316 469 4396 aliqua
492 4314 633 4378 invidiae
654 4313 914 4396 significatione?
938 4311 1040 4377 Cuius
1061 4315 1108 4376 rei
1128 4312 1299 4378 documento

178 4444 241 4484 nou
270 4422 389 4485 mobile
418 4425 544 4513 tapturn
575 4425 607 4483 et
635 4422 674 4484 ad
704 4420 917 4503 praestabilis
944 4442 1093 4505 quaeque
1117 4421 1226 4484 subito
1246 4432 1302 4479 clun
