2886 5032
147 327 212 391 700
379 339 608 388 nsrmumcns
632 325 846 404 lassantes,
870 338 1065 404 nauseans,

147 485 312 570 Magnifici
336 482 480 565 creandi,
503 483 585 548 scire
609 504 668 547 vos
690 480 840 546 volumus
863 481 1030 546 communi
1052 479 1253 546 sententiata

146 596 260 655 natum
294 590 593 674 amplissimumque
626 585 809 674 Collegium
841 588 1071 653 Professorum
1102 587 1256 668 decrevisse,

147 698 195 762 uti
213 698 224 780 ΙΙ
240 696 309 760 Rex
332 702 444 761 noster
458 695 720 781 Angustissimns
740 695 838 760 Pater
856 695 983 779 patriae
998 692 1247 760 clementissimus

148 803 337 868 Ansnarvs
355 803 366 885 ΙΙ
384 803 453 887 qui,
484 807 637 888 paternae
669 804 801 868 virtutis
833 803 926 867 heres
961 807 994 867 et
1026 803 1179 884 aemulus,
1209 821 1257 864 cun
1297 786 1300 863 l

148 911 223 976 aliis
257 909 460 975 documentis
492 931 688 994 propensam
721 912 755 974 in
787 910 1003 974 humanitatis
1036 909 1258 994 optimorumque

149 1017 268 1081 artium
292 1016 401 1080 studia
424 1016 624 1080 voluntatem
644 1017 825 1082 luculenter
842 1016 1079 1100 comprobavit,
1101 1020 1168 1080 tum
1183 1016 1258 1099 ipsun

148 1124 234 1189 hanc
263 1124 445 1188 litterarum
472 1123 718 1189 universitatem
746 1145 898 1208 praesens
921 1144 1025 1208 nuper
1047 1123 1214 1208 insigniore
1229 1121 1259 1184 la·

149 1253 225 1296 vore
249 1231 415 1315 amplexus
439 1234 497 1312 cst,
520 1232 670 1314 precibus
693 1231 815 1297 nostris
835 1231 1132 1297 observantissimis
1151 1229 1260 1294 adiretur

150 1344 247 1422 atque
280 1337 319 1402 ad
337 1336 348 1420 ΙΙ
366 1335 512 1401 Rectoris
541 1335 771 1401 Vniversitatis
806 1337 1123 1423 Magnificentissimi
1144 1337 1155 1420 ΙΙ
1174 1353 1258 1399 mmm

148 1448 341 1529 perpetuum
364 1444 375 1527 fl
397 1442 576 1508 liberaliter
604 1444 638 1507 in
670 1442 787 1508 Sanus
820 1443 1062 1528 suscipiendum
1093 1444 1258 1509 invitaretur.

148 1551 190 1615 lli
220 1551 322 1636 igitur
352 1549 510 1614 desiderio
540 1572 605 1616 non
638 1551 706 1615 siue
737 1552 897 1636 singulari
927 1551 1097 1635 voluptate
1126 1546 1264 1635 accipietis

149 1658 317 1742 dignatum
359 1679 429 1722 esse
472 1656 782 1724 Ganaaosmsruvn
828 1657 1028 1742 eundemque
1075 1655 1283 1722 crmssuu·

147 1764 343 1829 ruscum
367 1762 565 1849 perbenigne
589 1763 808 1828 obsecundare
831 1765 1043 1848 inclitamque
1058 1761 1211 1827 Musarum
1227 1778 1257 1822 se

148 1872 220 1937 dem
248 1875 394 1935 nostram
423 1870 523 1934 ferme
553 1873 665 1935 exacto
695 1870 835 1954 quinque
864 1869 1068 1934 saeculorum
1092 1891 1180 1934 cursu
1199 1884 1255 1931 noro

149 1977 211 2043 hoc
235 1998 336 2061 eoque
360 1976 526 2060 praeclaro
551 1976 730 2041 ethonore
754 1980 788 2040 et
806 1976 979 2060 splendore
998 1997 1118 2062 augere
1136 1975 1255 2040 adornare

149 2084 374 2150 condecorare.

238 2191 332 2268 Quod
350 2190 439 2255 Deus
459 2190 609 2275 Optimus
628 2189 790 2253 Maximus
814 2190 896 2254 bene
915 2194 1023 2255 vertat
1040 2191 1051 2274 ΙΙ
1069 2195 1102 2255 et
1123 2190 1193 2255 felix
1211 2186 1253 2250 lau·

150 2302 235 2363 stum
258 2297 524 2380 fortunatumque
549 2318 618 2360 esse
642 2294 780 2360 iubeat(

238 2404 358 2470 Datum
378 2404 509 2488 Lipsiae
529 2404 580 2468 die
595 2402 717 2468 XVllI.
737 2403 859 2467 mensis
877 2403 963 2468 lunii
983 2405 1060 2468 enni
1075 2410 1254 2470 sancctum·

615 2673 826 2681 ——-—--

706 2869 735 2932 ὁ.

173 3010 614 3075 Gratulationsadresse
642 3011 709 3074 der
736 3010 888 3075 Bonner
916 3009 1161 3075 Universititt
1185 3021 1242 3070 nun

39 3166 43 3172 .
150 3118 399 3201 300jdhrigen
424 3118 625 3182 Jubileum
653 3118 717 3181 der
741 3117 949 3181 Albertina
974 3117 1013 3180 iu
1037 3113 1257 3201 Konigsberg·

239 3259 422 3324 Prorectori
450 3259 623 3343 Magnifico
653 3264 686 3324 et
709 3259 831 3324 illustri
856 3258 989 3323 Senatui
1020 3258 1022 3343 l
1047 3259 1187 3323 Inclntae
1206 3246 1258 3314 Vni·
1295 3256 1300 3361 1

151 3367 315 3430 versitatis
345 3368 533 3430 Albertinae
561 3365 570 3449 l
598 3366 628 3431 S.
652 3366 685 3431 P.
710 3366 748 3430 D.
776 3370 785 3448 li
813 3366 932 3431 ltector
961 3374 994 3430 et
1023 3365 1159 3431 Senatus
1186 3355 1258 3421 'llll‘
1297 3370 1300 3377 '

150 3475 313 3536 versitatis
338 3474 530 3538 l'ridericiae
554 3474 748 3539 Guilelmiae
773 3475 957 3539 lthenanae.
1155 3538 1158 3543 .

240 3579 301 3644 Vix
330 3581 423 3645 nobis
454 3582 623 3664 quicquam
653 3581 795 3644 accidere
825 3581 878 3667 vel
906 3580 1093 3664 exoptatius
1122 3580 1170 3643 vel
1190 3576 1261 3639 hone

150 3687 328 3752 rificcntius
357 3689 477 3771 potuit,
510 3710 604 3770 quam
631 3689 714 3771 quod
738 3711 799 3751 nos
823 3688 997 3771 participes
1022 3709 1093 3750 esse
1117 3687 1183 3749 eius
1202 3675 1264 3745 laeti·

151 3794 215 3856 tiae
245 3794 382 3858 Vestrae
416 3795 581 3875 voluistis,
614 3817 710 3876 quam
745 3817 818 3857 rara
850 3799 883 3857 et
915 3794 1046 3857 virtutis
1080 3790 1264 3878 perpetuitate

150 3906 278 3982 partam
311 3905 342 3963 ot
375 3902 515 3964 numinis
544 3900 645 3964 divini
675 3901 782 3984 gratia
812 3923 998 3965 concessam
1029 3923 1068 3965 cx
1099 3900 1194 3964 animi
1217 3913 1265 3957 sen·

150 4008 254 4070 tentia
284 4008 387 4070 Vobis
419 4009 690 4091 congratulamur.
735 4005 821 4071 Nam
855 4029 944 4090 cum,
977 4009 1095 4090 quibus
1127 4005 1264 4072 hominm

150 4115 216 4177 vita
231 4136 303 4177 cum
323 4114 416 4177 laude
431 4119 594 4178 transacta
613 4115 813 4196 honestatur,
837 4136 875 4178 ea
895 4114 1065 4179 sollemnia
1083 4137 1147 4180 non
1166 4105 1264 4197 possint

152 4243 214 4284 uon
249 4242 322 4284 cum
355 4221 503 4283 subtristi
536 4221 733 4303 cogitatione
767 4220 1007 4284 imbecillitatis
1041 4219 1265 4306 fragilitatisque

150 4327 310 4391 humanae
342 4327 465 4390 sociata
501 4349 583 4389 osse:
620 4330 654 4389 ut
683 4326 776 4409 hacc,
809 4348 890 4409 quae
920 4326 986 4389 iam
1018 4331 1050 4389 ct
1078 4326 1178 4391 Vobis
1204 4326 1267 4386 eta

150 4433 252 4498 Vobis
277 4432 455 4497 saecularia
479 4433 648 4498 sollemnia
666 4438 831 4518 parantur,
855 4456 919 4498 non
944 4434 1164 4499 infirmitatem
1187 4443 1267 4494 rarum
