2886 5032
146 305 210 367 712
372 314 602 363 nlrsrnrscua
627 300 848 379 inscanter,
871 312 1068 380 annassnn,

146 485 239 528 usum
264 462 383 527 saeculi
409 459 490 525 vitio
518 459 552 523 in
574 458 643 523 dies
666 457 908 542 periclitantem
930 456 1144 540 [lsalutmiter
1163 479 1250 541 propa

146 570 239 655 genti
255 569 267 653 l
284 574 353 633 tam
376 566 556 632 luculenter
580 568 779 629 sustentatos
801 564 943 630 honores
967 564 1251 650 quinquagenarios,

146 677 252 742 Nonis
275 674 403 739 Martiis
428 689 738 739 ac101occcnxx1n
755 671 767 755 ss
785 693 824 735 ex
847 671 957 737 animo
981 671 1160 759 gratulatur
1174 672 1185 753 Ι
1199 668 1256 734 mul·

147 787 318 864 torumque
346 801 505 844 annorum
533 778 670 842 salutem
694 777 948 862 prosperitatem
970 778 1209 861 duraturamque
1226 776 1259 840 h'·

148 888 313 952 laritatcm
329 885 341 968 ΙΙ
358 885 553 951 amicissime
568 888 701 968 exoptat
717 885 728 968 ll
745 882 927 948 Fridericus
942 884 1069 951 Ritschl
1086 884 1098 968 ΙΙ
1114 885 1187 950 clim
1199 883 1260 947 Bor·

147 996 270 1077 nensis,
297 1015 382 1057 nrmc
406 1014 488 1056 unus
517 1013 533 1055 e
557 989 782 1075 lipsiensibus
810 991 838 1054 si
865 990 915 1055 las
944 996 996 1056 est
1023 990 1126 1057 dicere
1147 1011 1261 1071 γραμμα-

696 1349 747 1413 14.

151 1490 350 1574 Auschlag
373 1512 416 1553 au
440 1489 504 1553 der
524 1488 634 1552 Feier
657 1511 730 1563 von
748 1489 911 1554 Fichte’s
934 1489 1266 1574 hundertjabrigen

440 1595 677 1681 Geburtstag
701 1593 768 1682 (19.
792 1595 867 1661 Mai
894 1597 1001 1682 1862).

237 1738 468 1804 Vniversitatis
483 1737 675 1803 Fridericiae
695 1737 889 1804 Guilelmiae
907 1738 1084 1805 Rhenanae
1101 1741 1113 1824 {l
1131 1739 1269 1805 Rectorct

150 1845 288 1911 Senatus
306 1846 316 1927 ll
335 1844 577 1909 Professoribus
601 1843 799 1910 Doctoribns
824 1843 956 1911 Civibus
974 1844 1036 1929 118.

237 1951 331 2016 Diem
355 1952 476 2016 instare
500 1952 603 2017 nostis
626 1952 723 2037 longe
746 1953 1059 2037 auspicatissimum,
1087 1977 1151 2038 quc
1174 1952 1270 2019 abhinc

150 2063 279 2124 centum
299 2081 401 2150 annos
420 2081 519 2123 unum
539 2081 556 2124 e
575 2059 863 2143 praestantissimis
883 2064 986 2125 mater
1000 2059 1174 2126 Germania
1191 2060 1271 2124 filiun
1313 2062 1315 2081 '

150 2166 324 2252 progenuit
345 2166 356 2249 ΙΙ
378 2165 534 2231 Ioannem
558 2164 776 2250 Theophilum
800 2165 825 2230 F
827 2165 914 2231 ichte
930 2166 942 2249 ΙΙ
960 2167 1063 2231 virum
1088 2168 1207 2233 bonum
1226 2168 1273 2230 for·

150 2281 217 2340 tem
240 2274 421 2358 sapientem
445 2272 616 2356 imprimis.
649 2270 748 2336 Cuius
771 2272 867 2336 simul
886 2275 984 2357 atquc
1002 2296 1124 2340 nomen
1142 2275 1181 2339 ad
1198 2292 1273 2338 aures

150 2381 311 2463 acciderit,
333 2402 400 2445 non
423 2378 652 2464 philosophum
676 2384 802 2444 tantum
826 2379 1008 2463 cogitamus
1032 2381 1066 2445 in
1089 2381 1201 2466 paucis
1218 2379 1274 2444 sub

151 2488 241 2553 tilem
270 2490 366 2572 atque
394 2487 611 2570 ingeniosum,
642 2509 709 2551 non
735 2486 926 2569 scriptorem
953 2487 1087 2551 uberem
1111 2494 1145 2554 et
1167 2489 1277 2572 elegan-

149 2600 228 2679 tem,
258 2617 323 2660 non
346 2598 506 2659 oratorem
531 2593 706 2658 facundum
731 2598 763 2657 et
785 2593 998 2676 luculentum,
1020 2615 1086 2659 non
1111 2599 1277 2679 praecepta-

150 2724 217 2766 rem
242 2722 373 2764 suavem
392 2699 627 2782 valentemque,
651 2698 705 2762 sed
725 2698 811 2762 vitae
830 2705 939 2783 partes
958 2722 1072 2766 omnes
1091 2703 1276 2786 complexura

151 2809 344 2893 magistrum
372 2806 585 2870 humanitatis
614 2805 825 2889 suspicimus,
858 2808 912 2870 sed
942 2809 1093 2873 veritatis
1122 2810 1155 2873 iu
1180 2808 1277 2893 quoru

151 2936 267 2999 genere
292 2919 458 2977 strenuum
483 2916 767 2995 propugnatorem,
791 2913 846 2976 sed
864 2913 1010 2978 iustitiae
1031 2916 1190 2981 vindicem
1210 2936 1277 2978 acer

150 3022 282 3102 rinrurn,
315 3019 369 3083 sed
403 3018 473 3082 fidei
507 3018 715 3083 liberalitatis
749 3019 967 3103 simplicitatis
1001 3022 1169 3087 custodem
1197 3028 1278 3105 atque

150 3132 292 3190 tutorem
322 3126 580 3209 integerrimum,
610 3125 664 3188 sed
693 3149 818 3190 morum
843 3126 1085 3192 emendatorem
1109 3129 1204 3214 longe
1226 3128 1278 3192 clli-

150 3234 361 3298 eacissinnun.
407 3231 487 3294 Tam
516 3234 626 3294 cirtem
650 3254 741 3295 rarae
766 3232 895 3296 virtutis
919 3233 969 3296 vis
993 3256 1066 3298 eum
1091 3235 1133 3299 ad
1154 3237 1279 3320 patriam

149 3341 378 3421 civitatemque
402 3337 585 3401 universam
610 3339 779 3422 pertineat,
803 3344 872 3403 tum
896 3340 1044 3422 proximo
1070 3363 1142 3406 eam
1166 3339 1278 3405 vinculo

150 3470 224 3511 cum
242 3446 362 3510 nostris
383 3444 562 3509 rationibus
583 3445 742 3509 contineri
763 3447 930 3527 sentimus,
956 3447 1010 3529 qui
1030 3447 1151 3512 eisdem
1177 3448 1276 3532 quibus

150 3554 204 3617 illc
234 3555 430 3636 optimarum
459 3552 577 3616 artium
606 3552 719 3616 studiis
748 3553 849 3617 vitam
874 3554 1145 3620 consecravimus.
1189 3552 1276 3618 Nobis

150 3661 251 3745 igitur
280 3662 364 3744 quod
393 3665 522 3746 praeter
551 3663 674 3724 ceteros
698 3660 869 3744 proposuit
890 3660 1051 3724 humanae
1076 3660 1276 3746 praestantiae

151 3767 332 3850 exemplum
357 3790 488 3851 prorsus
513 3765 685 3851 singulare,
708 3766 792 3830 idem
817 3768 858 3831 ab
882 3766 1003 3831 eisdem
1021 3773 1153 3850 praeter
1170 3771 1275 3832 ceteros

150 3874 212 3938 coli
237 3874 467 3957 observarique
491 3895 550 3956 par
574 3875 633 3937 est.
666 3872 822 3947 Quocirca
845 3872 941 3937 huius
966 3873 1187 3938 universitatis
1208 3871 1275 3936 ltlre

151 4003 252 4044 nanae
278 3986 309 4044 ct
333 3979 440 4045 officio
465 3982 498 4041 et
521 3977 672 4061 dignitati
697 3978 917 4062 defuissemus,
940 3980 1004 4044 nisi
1024 3984 1156 4045 sanctae
1175 3997 1274 4044 meme

150 4088 215 4151 riae
246 4087 434 4152 Fichtianae
463 4084 677 4149 communiter
706 4084 978 4149 concelebrandae
1005 4087 1274 4170 prospexissemus

150 4192 238 4279 Ergo
263 4195 302 4258 ad
327 4191 517 4257 audiendam
542 4190 722 4254 orationem
742 4191 905 4274 publicam
925 4213 983 4255 vos
1003 4192 1187 4273 invitamus,
1208 4210 1261 4272 qua

150 4300 200 4362 die
239 4300 315 4364 xlx
344 4299 440 4363 huius
469 4297 589 4361 mensis
618 4296 699 4360 hora
727 4295 772 4360 Xl
809 4297 843 4360 in
871 4297 946 4360 aula
975 4319 1096 4382 magna
1121 4299 1133 4380 ss
1158 4296 1274 4376 conlega

149 4410 260 4469 noster
288 4406 499 4491 gravissimus
529 4401 733 4468 Christianus
762 4404 931 4490 Augustus
963 4403 1117 4488 Brendis,
1149 4401 1272 4490 philoso-
