2836 5034
445 356 707 404 exsrrxurnrroms
731 356 937 402 ruuvmunn.
1197 337 1261 401 517

195 502 242 567 nt
271 506 399 566 tautum
429 501 558 585 quidem
589 500 628 563 de
658 500 719 564 bis.
765 499 878 583 Neque
912 498 998 563 euim
1031 498 1080 562 vel
1113 498 1153 563 ad
1183 519 1260 561 ana·

122 609 253 673 aestica
275 611 381 672 metra
397 629 482 671 nnnc
501 606 677 690 exspatiari
697 606 785 688 libet,
807 627 827 669 a
850 606 968 689 quibus
985 606 1068 671 nihil
1087 606 1155 671 sere
1174 610 1249 671 ante
1275 629 1386 671 ccxcrv

122 715 290 801 rplicatae
313 715 465 780 licentiae
484 714 624 778 alienum
645 713 715 795 fuit,
739 713 788 776 vel
810 712 850 777 ad
869 712 1027 777 iambicos
1046 711 1259 796 septenarios,

122 844 247 887 uorum
275 822 328 887 vix
357 822 463 886 minor
491 843 587 906 quam
618 821 818 885 senariorum
847 819 1148 904 trochaicornmque
1171 840 1259 884 sere·

122 933 201 994 tas:
227 950 301 993 cum
326 928 470 994 neutrius
495 928 621 1013 generis
645 928 792 1010 exempla
816 926 1025 991 Trinummus
1046 928 1201 1010 praestet.

500 1211 510 1223 ‘
556 1248 669 1297 <nava
694 1231 815 1297 ιιι-ιιι.

197 1378 311 1460 Plana,
336 1376 496 1461 simplicia
518 1380 551 1440 et
574 1379 686 1459 aperta
709 1395 779 1438 csse
804 1375 957 1459 pleraque
977 1374 1182 1441 intellectum
1201 1380 1261 1459 est,

122 1490 196 1565 nto,
222 1506 305 1568 quae
329 1483 490 1568 plerisque
515 1481 665 1548 omuibus
689 1481 836 1565 obscura,
859 1482 1013 1566 perplexa
1037 1486 1071 1547 et
1091 1482 1260 1549 recondita

122 1591 212 1657 ideri
246 1591 366 1673 solent,
404 1591 575 1675 legumque
608 1586 801 1653 certitudine
834 1588 918 1673 regi,
951 1609 1033 1674 quac
1066 1588 1259 1673 quibusdam

122 1699 222 1784 ngari
247 1698 317 1762 sine
340 1697 479 1762 ratione:
502 1718 601 1760 unum
625 1717 726 1781 genus
750 1698 862 1779 restat,
885 1695 970 1779 quod
994 1700 1027 1760 ct
1050 1694 1259 1781 impeditissi-

122 1828 199 1871 nnm
231 1811 263 1869 et
292 1804 403 1869 multis
433 1802 536 1867 modis
565 1803 755 1887 ambiguum
786 1824 856 1868 csse
880 1802 942 1886 ipsi
973 1802 1144 1868 fateamur:
1173 1804 1257 1889 quod

122 1912 239 1999 pidem
262 1910 503 1976 canticorum
527 1910 811 1994 compositione
834 1910 1025 1976 continetur.
1071 1908 1172 1976 Cuius
1195 1911 1258 1976 loci

122 2024 204 2087 anta
232 2020 363 2084 ubertas
395 2021 445 2082 est
473 2021 603 2102 tamque
635 2039 735 2102 prope
767 2016 1004 2101 inexplicabilis
1035 2018 1189 2101 varietas,
1221 2020 1259 2082 ut

163 2134 241 2213 ptus
277 2127 321 2190 sit
352 2126 408 2210 qui
438 2125 609 2207 complecti
646 2125 755 2208 paucis
789 2124 928 2209 pagellis
961 2123 1048 2189 velit.
1098 2122 1137 2190 In
1168 2123 1258 2189 nulla

185 2258 219 2298 m
243 2238 338 2317 parte
361 2232 596 2297 emendationis
621 2230 792 2296 Plautinae
814 2254 865 2296 me
888 2230 993 2296 iudice
1016 2231 1136 2297 clarius
1159 2254 1256 2318 quam

167 2340 229 2407 bec
251 2340 486 2405 Hormanniani
511 2339 633 2422 ingenii
657 2338 894 2404 admirabilitas
917 2338 1128 2423 exsplenduit
1169 2338 1257 2405 Nam

201 2448 274 2533 ipsa
294 2447 419 2512 cantica
439 2445 591 2510 Plautina
610 2449 642 2510 ct
661 2450 844 2529 temporum
864 2445 983 2511 iniuria
1001 2449 1034 2510 et
1051 2446 1259 2531 neglegentia

175 2556 329 2636 ariorum,
349 2553 487 2625 fortasse
507 2552 616 2637 aliqua
635 2575 672 2616 ex
693 2556 794 2636 parte,
813 2558 850 2617 ut
868 2576 896 2637 p.
914 2572 1009 2617 nxvn
1026 2553 1119 2637 [325]
1135 2552 1256 2637 signifi·

127 2644 130 2653 ¹
153 2664 189 2749 ri,
205 2664 306 2727 etiam
322 2661 505 2726 criticorum
523 2659 653 2725 licentia
668 2661 770 2724 multo
788 2683 884 2744 quarn
899 2665 1025 2725 ceterae
1043 2665 1152 2744 portes
1166 2660 1257 2744 peius

122 2662 225 2953 flita
249 2770 324 2851 sint,
347 2769 394 2831 itu
418 2773 454 2830 ut
478 2766 545 2830 ‘aut
569 2768 692 2832 intacto
717 2769 908 2853 relinquere,
932 2791 1014 2853 quac
1034 2771 1144 2852 operto
1164 2768 1258 2832 aliter

155 2876 274 2943 Plauto
303 2873 423 2957 scripta
456 2873 602 2955 fuerint',
635 2881 691 2939 aut
719 2897 756 2939 en
785 2875 831 2939 uic
861 2881 896 2939 ut
930 2898 1002 2939 eum
1032 2880 1135 2939 semet
1162 2876 1256 2961 digne

122 2958 251 3051 bibere
272 2981 416 3064 potuisse
436 2981 602 3065 probabile
622 2981 673 3064 sit,
697 2982 857 3067 corrigere
877 3004 1044 3067 cogamur:
1070 2982 1256 3048 incredibile

122 3072 197 3156 totu
223 3093 273 3153 est
296 3093 374 3172 quot
397 3088 452 3151 ille
477 3088 632 3171 carmina,
661 3089 770 3152 rurlern
800 3089 1057 3175 indigestamque
1081 3089 1197 3155 molem
1223 3089 1254 3153 in

122 3196 276 3261 odieibus
296 3195 471 3278 oll'ercntia‚
495 3218 514 3258 a
533 3196 766 3261 recentioribus
786 3200 894 3261 autem
914 3196 1093 3262 editoribus
1113 3196 1254 3279 plerum-

122 3316 174 3377 ¹tre
204 3302 448 3385 imperitissime
479 3307 629 3385 tractata,
662 3303 694 3366 in
725 3303 968 3370 Elementorum
1002 3304 1084 3368 libro
1114 3303 1254 3368 secundo

122 3409 232 3473 urtim
263 3409 301 3472 ad
331 3431 442 3471 sarram
473 3410 629 3473 rationem
659 3411 777 3493 partim
807 3411 846 3475 ad
876 3412 1152 3495 elegantissimam
1181 3434 1254 3475 con-

122 3506 300 3581 hmtatem
328 3515 532 3579 revocaverit.
581 3515 630 3579 Ad
660 3540 755 3601 quarn
785 3540 851 3582 rem
881 3541 953 3583 curn
978 3519 1050 3583 aliis
1075 3518 1253 3583 virtutibus

122 3638 194 3707 mua
217 3623 279 3687 fuit
303 3626 371 3686 tum
396 3621 507 3685 subtili
531 3644 625 3687 scnsu
650 3624 788 3707 quodam
814 3630 846 3689 et
871 3626 1046 3691 exercitato
1066 3628 1106 3691 ad
1131 3628 1366 3701 usitntuccxcv

122 3732 330 3815 [incitataque
350 3749 469 3813 genera
488 3734 662 3794 metrorum
682 3730 892 3797 discernenda
910 3732 1037 3797 iudicio.
1075 3733 1160 3800 Nam
1180 3760 1253 3801 curn

122 3843 244 3923 *ruptor
268 3858 420 3922 magnam
438 3840 472 3900 et
490 3838 657 3920 prosodiae
678 3839 923 3924 ambiguitatem
944 3847 976 3905 ct
995 3848 1253 3925 permut-ntorum

122 3948 198 4011 uter
221 3968 255 4011 se
278 3945 396 4030 pedum
419 3944 609 4007 varietatem
633 3966 729 4029 saepe
748 3945 921 4029 plurimum
941 3947 1152 4014 dubitationis
1173 3951 1252 4017 illud

122 4052 241 4137 lubeat,
260 4075 277 4117 e
297 4050 515 4135 compluribus
534 4072 616 4134 quoe
635 4055 769 4133 puteant
787 4052 1082 4120 distribuendorum
1102 4080 1251 4125 versuum

122 4159 173 4227 riis
196 4182 294 4245 quam
317 4157 522 4242 potissimum
545 4158 633 4221 ineas
658 4164 690 4222 et
713 4159 827 4224 ceteris
850 4161 978 4226 reiectis
1008 4169 1133 4230 teneas:
1162 4167 1253 4233 nullu

122 4286 145 4335 lc
172 4268 248 4352 plus
276 4268 442 4349 peccatum
472 4269 521 4328 est
543 4287 640 4349 quarn
662 4266 782 4331 talibus
807 4290 957 4334 versuum
981 4272 1048 4337 sive
1072 4274 1251 4342 conformo-

122 4375 256 4443 ionibus
280 4373 350 4436 sive
373 4371 652 4455 coniugationibus
675 4375 831 4459 probatis,
854 4398 935 4461 quas
954 4381 1015 4446 etsi
1036 4382 1251 4451 demonstrari

122 4484 250 4570 equeat
278 4478 405 4543 admitti
429 4478 516 4542 nullo
540 4479 632 4544 modo
661 4480 818 4567 potuisse,
846 4488 955 4551 tamen
980 4490 1077 4554 tritae
1102 4490 1253 4561 Plautina
