2836 5034
132 332 197 396 456
426 342 686 392 44444444444
711 343 758 389 na
782 322 992 390 4444144444

133 489 284 556 iambicis
304 488 437 553 vocibus
456 486 558 569 licuit,
576 490 614 550 ut
633 486 667 550 in
686 486 861 551 secundum
880 486 996 570 pedem
1016 486 1174 568 intrarent,
1191 489 1238 552 eiu

132 598 263 683 quidem
291 595 441 660 licentiae
473 597 530 657 aut
560 615 739 678 numquam
772 597 830 659 aut
861 614 995 677 perraro
1028 592 1241 678 spondiacus

134 709 230 790 atque
263 701 539 785 anapaesticus
571 700 745 784 participes
779 699 918 765 fuerunt
964 700 1077 766 Etiam
1108 701 1243 767 41144441

134 833 283 877 caussam
298 808 385 873 Trio.
401 808 590 892 594pau110
610 812 685 872 ante
703 808 902 872 removimus
923 809 967 891 [p.
982 809 1072 890 4541.
1108 808 1155 874 De
1169 814 1246 874 14444

135 917 308 1003 positionis
345 916 538 981 necessitate
571 936 666 978 nemo
699 913 827 978 dubitat
863 936 890 978 e.
918 938 945 980 c.
970 938 1002 980 s.
1031 916 1106 980 451.
1136 917 1193 981 418
1216 917 1249 980 ul

135 1024 341 1090 Bascama
368 1023 475 1103 [245]:

225 1165 373 1229 Mennim
395 1164 499 1228 reru'm
521 1187 573 1228 me
597 1165 726 1229 4641444
750 1169 921 1249 aequomst
943 1165 1099 1232 ordinem.

226 1271 300 1336 Nisi
324 1269 400 1355 quid
424 1293 475 1334 me
499 1272 589 1335 411411
609 1271 670 1353 uis,
692 1271 817 1354 Philto,
840 1271 997 1356 respondi
1017 1273 1090 1338 tibi.

227 1377 312 1454 Quin
336 1381 371 1441 tri
390 1378 532 1458 primum
555 1377 695 1442 salutem
719 1379 825 1443 reddis
850 1381 948 1464 quam
971 1379 1109 1467 dedi?*)

139 1521 297 1598 Qualibus
322 1518 461 1584 sublatis
488 1521 716 1604 anapaesticus
739 1522 828 1586 vocis
855 1522 890 1587 iu
918 1521 1046 1587 duabus
1075 1523 1199 1590 fabulis
1224 1524 1292 1619 414]

140 1629 253 1713 gulare
277 1620 458 1711 exemplum
482 1630 584 1691 restat
608 1627 723 1693 Bacch.
743 1630 808 1694 486
832 1629 942 1714 [518]:
1287 1628 1292 1721 1

274 1770 358 1835 Tum
382 1773 480 1855 qu6m
503 1771 604 1836 4411114
625 1772 698 1855 plus
745 1822 1073 1838 .......
1121 1795 1130 1836 :

18 1943 126 1983 ccxxu
142 1912 335 1997 spondiaoae
355 1913 434 1977 item
458 1915 623 1999 singulare
648 1914 791 1979 eiusdem
815 1914 1086 1981 14141444814
1112 1916 1226 1998 [853];

276 2053 363 2122 Scies
387 2056 471 2120 haud
495 2057 593 2121 444111
614 2060 689 2140 post
730 2108 736 2120 .
782 2109 788 2122 .
835 2110 842 2123 .
889 2107 895 2121 .
941 2109 948 2122 .
996 2108 1002 2123 .
1049 2108 1056 2122 .
1105 2082 1113 2122 :

142 2221 224 2283 quae
253 2199 363 2263 nescio
394 2221 436 2263 an
467 2199 707 2265 excusationem
736 2201 777 2265 ab
805 2201 945 2266 euclisi
974 2201 1118 2286 quadam
1145 2205 1289 2268 accentus

142 2410 245 2479 secuti,
270 2410 338 2465 satis
362 2409 545 2480 redarguitur.
583 2410 716 2479 Idemque
740 2410 774 2464 de
799 2410 862 2465 aliis
885 2410 1023 2465 similibus
1046 2413 1231 2468 sentiendum
1252 2414 1290 2468 eu

142 2517 229 2569 pravo
252 2497 499 2569 grammaticomm
523 2498 615 2554 studio
638 2499 851 2555 discriminatis:
879 2518 893 2555 e
917 2518 972 2569 quo
991 2517 1095 2571 genera
1123 2519 1197 2572 erpo,
1217 2518 1286 2572 ponc,

142 2590 253 2657 quondo
277 2593 347 2642 4441.
386 2589 427 2642 De
447 2588 576 2656 qualibus
596 2606 668 2657 quae
687 2589 911 2658 praecipiuntur,
934 2592 983 2644 441
1006 2589 1043 2644 ad
1062 2591 1166 2660 scripti
1186 2595 1282 2645 144144

143 2680 273 2732 accentus
298 2695 534 2747 supervacaneum
559 2677 707 2733 artificium
732 2681 862 2747 spectant
885 2680 934 2733 441
956 2696 1069 2748 prorsus
1095 2680 1205 2735 ficticia
1224 2682 1279 2735 4441

145 2767 320 2835 Omninoque
344 2767 368 2821 si
391 2768 458 2836 quid
482 2785 516 2821 ex
539 2767 593 2835 414,
616 2785 688 2835 quae
715 2768 749 2822 de
768 2769 933 2822 accentuum
953 2767 1083 2823 doctrina
1103 2773 1214 2825 veteres
1231 2786 1276 2839 pro

144 2856 248 2924 didere,
267 2858 390 2925 aliquam
411 2857 495 2911 bodie
515 2857 667 2911 utilitatem
686 2859 782 2925 habet,
801 2858 830 2910 id
849 2858 884 2911 ad
904 2858 1044 2911 vocalium
1058 2859 1156 2927 potius
1171 2859 1275 2913 indoles

144 2945 187 2998 vel
214 2948 314 3000 natura
339 2947 484 3015 longarum
512 2948 555 3000 441
582 2946 720 3015 positione
746 2948 857 3002 demum
884 2948 1084 3016 producturum
1112 2946 1274 3019 pertinebit

145 3036 275 3103 acutique
295 3038 323 3088 et
342 3034 512 3090 circumflexi
536 3035 684 3089 discrimen
709 3035 787 3089 illinc
813 3039 923 3105 aptum,
950 3054 1035 3105 quam
1058 3037 1095 3091 ad
1123 3038 1272 3106 syllabarum

145 3129 262 3178 accentu
291 3126 340 3178 aut
366 3124 556 3194 praeditarum
585 3127 634 3177 aut
662 3126 814 3179 carentium
844 3125 1043 3180 diversitatem.
1091 3128 1135 3180 Ad
1165 3143 1272 3182 4444444

146 3216 241 3267 antem
264 3214 455 3268 faciendomm
479 3217 569 3268 artem
588 3213 677 3267 solum
697 3214 751 3267 hoc
770 3214 871 3282 441411,
895 3213 998 3267 4411144
1023 3232 1139 3283 prorsus
1159 3213 1272 3269 momenti

145 3302 216 3356 illud
235 3306 286 3356 est.

234 3392 260 3458 ²²)
278 3393 310 3444 14
325 3391 414 3445 Milite
433 3407 544 3460 quoque
565 3395 593 3444 et
611 3391 752 3461 singulare
771 3394 858 3446 44141
876 3393 1029 3448 certissime
1048 3395 1182 3449 vitiosum
1201 3410 1270 3448 exeu-

146 3481 224 3549 plum
244 3481 278 3548 11,
298 3487 322 3545 6,
342 3487 388 3533 tte
421 3481 556 3533 1114441444
584 3482 705 3549 equidem
732 3499 772 3535 mc
799 3484 957 3535 4414444444
985 3483 1075 3548 fateor
1103 3486 1216 3550 molum,
1238 3479 1269 3534 nb'

148 3571 284 3622 Meruisse
302 3586 342 3621 444
365 3570 484 3636 equidem
505 3570 563 3622 sinc
584 3570 642 3623 ulla
660 3586 738 3623 mora
756 3571 1000 3638 transponendum.
1039 3572 1170 3626 Ceterum
1189 3568 1269 3639 simpli·
1289 3612 1292 3625 .

147 3659 224 3712 cibus
244 3657 404 3728 spondiacis
418 3641 474 3711 ¹sua
493 3661 591 3727 sponte
611 3659 785 3728 intellegitur
804 3677 859 3713 444
879 3658 1016 3725 suaviora,
1036 3661 1087 3714 sod
1105 3661 1189 3730 longe
1207 3660 1267 3713 41144

147 3749 289 3816 asperiora
308 3766 368 3802 esse
383 3749 412 3801 14
426 3749 579 3817 spondeum
594 3749 751 3803 desinentis
764 3749 893 3819 longiora
907 3749 1057 3803 vocabula:
1077 3750 1107 3803 in
1122 3768 1178 3820 quo
1191 3760 1266 3820 genere
1289 3804 1292 3809 ¹

149 3837 279 3890 vastitate
298 3854 348 3889 sua
366 3835 475 3906 insigne
494 3839 537 3889 441
555 3835 613 3889 Μ11.
634 3838 654 3902 Ι,
676 3845 698 3902 1,
719 3843 765 3890 bl:
793 3839 833 3889 Ar
852 3837 1007 3905 4411114114,
1030 3839 1107 3906 quod
1130 3856 1164 3892 ne
1182 3837 1266 3892 codice
1288 3818 1292 3893 1

147 3925 260 3992 quidem
285 3929 406 3979 tuentur.
433 3960 462 3966 —
490 3926 563 3978 Dum
590 3925 618 3979 in
644 3943 676 3980 eo
703 3945 764 3980 sum
790 3929 822 3980 41
847 3944 864 3980 a
888 3926 1053 3994 typothetae
1078 3929 1213 3982 erroribus
1232 3926 1265 3977 ha

148 4016 273 4084 pagellas
298 4033 427 4084 purgem,
456 4032 516 4068 sero
541 4015 734 4070 animadverto
759 4015 951 4084 imprudenter
975 4017 1200 4085 praetermissum
1220 4028 1263 4067 444·

147 4105 264 4172 paestici
285 4105 443 4172 exemplum
463 4104 537 4157 'l'rin
558 4111 621 4157 397:
653 4106 741 4158 Miser
759 4108 792 4157 e'n
811 4106 903 4158 onimo'
921 4107 965 4172 fit,
989 4107 1094 4172 factius
1112 4108 1194 4161 4441414
1209 4101 1262 4170 1441-

149 4193 227 4257 Quod
256 4210 426 4261 quamquam
455 4193 608 4247 consultius
636 4194 702 4247 duxi
729 4194 842 4249 iuterim
868 4210 991 4261 servare,
1019 4198 1116 4250 tamen
1142 4194 1221 4250 fateor
1240 4203 1260 4240 οῦ

148 4283 216 4335 441141
241 4281 397 4349 suspectius
421 4296 479 4333 esse
503 4299 558 4347 quo
582 4281 693 4336 facilius
717 4300 734 4335 a
756 4286 841 4351 poeta
865 4283 949 4338 scribi
973 4284 1067 4354 potuit
1091 4285 1140 4339 Fu
1161 4286 1227 4337 mon
1238 4292 1259 4327 11

148 4373 240 4424 animo
268 4370 464 4440 [‘quamquam
488 4388 542 4424 444
568 4373 609 4425 441
632 4372 855 4426 obliviscendum
884 4375 1011 4429 exanimo
1039 4375 1176 4429 veteribus
1199 4369 1257 4423 luisse

148 4477 198 4526 pro
219 4477 274 4512 uno
294 4461 431 4515 vocabulo
451 4460 661 4515 choriambico'
683 4462 794 4532 ’11414311
