2886 5032
401 303 695 352 Ganrunnrlonnn
719 304 792 350 UNI)
816 289 1026 350 KHNLIOHES.
1224 285 1287 349 719

150 447 245 512 minis
269 447 475 531 splendorem
500 445 661 511 scribendi
685 445 985 530 commentandique
1010 467 1142 528 operam
1166 449 1200 509 et
1222 450 1288 509 stu·

148 554 234 618 dium
259 575 351 617 suurn
376 575 470 619 omne
494 552 642 617 contulit.
687 551 812 617 Valete.

264 871 301 958 k)
325 872 379 936 Im
402 871 670 937 Prooemiuum
695 872 758 936 des
782 869 1045 937 Sommersem.
1072 874 1165 938 1846.

232 1013 368 1079 Interim
400 1014 503 1078 valete
532 1019 565 1079 et
591 1036 651 1080 noe
675 1018 797 1097 amate,
825 1013 1008 1099 oblatisque
1031 1016 1213 1080 studiorum
1236 1036 1288 1078 ve·

145 1126 285 1187 atrorum
318 1121 521 1185 adminiculis
552 1124 585 1184 et
614 1121 839 1185 instrumentis
871 1120 917 1185 ite
949 1121 1077 1186 utimini
1108 1125 1157 1205 ut,
1191 1143 1288 1205 quam

145 1229 280 1312 quisque
308 1229 359 1291 vel
387 1228 474 1292 norit
497 1227 547 1290 vel
571 1227 714 1292 nondum
745 1227 825 1291 satis
853 1229 943 1292 norit
966 1231 1085 1311 artem,
1113 1229 1146 1291 in
1171 1227 1232 1292 hac
1255 1250 1288 1291 se

145 1339 274 1399 strenue
298 1338 453 1400 exerceat.

269 1600 294 1687 l)
317 1601 374 1665 Im
397 1599 637 1665 Prooemium
661 1600 726 1664 des
751 1598 993 1665 Wintersem.
1020 1602 1167 1683 1848s'49

339 1741 392 1829 (de
415 1742 538 1807 lacunis
562 1741 768 1828 Trinummi);
792 1742 1103 1828 Anfangeworte.

233 1884 432 1950 Litterarum
461 1885 569 1949 studia
597 1886 765 1970 quoniam,
799 1888 836 1949 ut
864 1885 911 1949 ait
933 1886 1000 1969 ille,
1034 1885 1288 1951 adulescentiam

140 1994 250 2075 alunt,
282 1995 479 2057 senectutem
509 1992 688 2075 oblectant,
721 1991 877 2056 secundas
905 2014 956 2055 res
984 1997 1116 2075 ornant,
1146 1990 1289 2057 adversis

140 2098 328 2183 perfugium
352 2120 390 2162 ac
414 2098 567 2163 solatium
590 2099 763 2183 praebent,
786 2098 948 2163 delectant
972 2099 1075 2182 domi,
1098 2121 1165 2164 non
1188 2099 1291 2182 impe·

139 2206 238 2270 diunt
261 2205 352 2287 loris,
375 2209 568 2288 pemoctaut
591 2206 770 2288 nobiscum,
794 2204 1052 2289 peregrinantur,
1073 2205 1290 2270 rusticantur:

139 2333 210 2377 non
233 2316 285 2376 est
308 2334 364 2375 cur
387 2312 488 2376 veteri
513 2315 609 2396 atque
633 2313 767 2396 antiqua
786 2312 1016 2376 consuetudine
1036 2313 1151 2377 relicta
1169 2312 1220 2376 vel
1239 2311 1290 2375 his

140 2417 363 2501 temporibus,
400 2418 517 2501 quibus
554 2419 586 2480 in
619 2418 813 2482 vindicanda
844 2419 996 2484 libertate
1029 2418 1289 2500 illustrandeque

141 2524 252 2608 patria
271 2524 418 2588 omnium
443 2527 476 2588 et
499 2525 608 2588 oculos
632 2529 666 2587 et
689 2526 814 2589 animos
838 2525 959 2590 defixos
984 2526 1138 2609 videmus,
1162 2524 1290 2590 aliunde

142 2631 207 2696 nisi
232 2653 250 2696 e
274 2630 500 2695 communibus
525 2629 574 2693 vel
597 2652 698 2714 prope
722 2631 946 2695 communibus
966 2632 1086 2696 litteris
1107 2633 1175 2696 eius
1195 2651 1292 2715 argu·

144 2743 291 2804 mentum
315 2736 526 2820 praefationis
550 2740 712 2820 petamus,
743 2760 807 2821 qua
830 2737 1015 2803 scholarum
1039 2760 1095 2821 per
1118 2739 1290 2822 insequens

146 2850 301 2911 semestre
330 2845 470 2927 spatium
498 2843 720 2908 habendarum
748 2843 947 2908 fructuosam
976 2844 1069 2909 vobis
1100 2844 1289 2908 varietatem

146 2951 417 3018 commendamus.
469 2949 668 3013 Revocamus
702 2953 810 3013 autem
843 2972 901 3015 vos
934 2950 975 3015 ad
1008 2951 1160 3015 festivum
1193 2954 1292 3033 caput

147 3059 234 3123 illins
258 3061 383 3143 poetae,
407 3055 462 3140 qui
486 3077 558 3119 cum
582 3056 729 3120 crebram
753 3057 946 3139 praebuerit,
969 3057 1288 3146 tuminexhaustanr

148 3165 284 3248 praebet
307 3161 540 3249 praebebitque
564 3163 804 3227 commentandi
827 3164 1007 3229 materiam.

282 3483 328 3569 m)
353 3483 408 3547 Im
431 3483 673 3547 Prooemium
697 3483 762 3547 des
787 3482 1046 3548 Summersem.
1073 3487 1158 3550 1850

450 3622 503 3710 (de
527 3622 629 3689 Stichi
653 3626 755 3689 veteri
778 3625 998 3713 retractione).

237 3765 344 3850 Atque
375 3766 455 3831 haec
484 3790 573 3832 more
597 3767 756 3832 maiomm
779 3769 976 3851 prolusimus
1000 3767 1185 3833 scholarum
1210 3792 1291 3852 quae

145 3872 242 3937 vobis
267 3872 445 3937 offerrmtur
468 3873 715 3956 renuntiationi,
747 3895 811 3957 quo
836 3873 941 3938 denuo
966 3876 1176 3958 moneamini,
1205 3875 1290 3958 quod

145 3999 220 4044 esse
242 4000 404 4043 summum
429 3980 462 4044 in
486 3979 645 4045 discendis
670 3980 790 4045 litteris
814 3983 980 4065 putamus,
1004 3986 1102 4045 utne
1126 3981 1202 4066 quid
1226 4002 1290 4044 cre·

145 4085 232 4151 datis
262 4090 396 4150 temere:
429 4108 494 4151 non
525 4088 580 4172 qui
612 4093 732 4152 temere
763 4089 801 4153 de
832 4089 1030 4172 quibuslibet
1057 4089 1204 4154 dubitare
1234 4110 1290 4152 vos

145 4193 326 4276 iubeamus,
349 4193 404 4257 sed
428 4216 501 4258 cum
528 4195 654 4259 ratione
678 4196 826 4260 dubitare
850 4195 889 4259 de
908 4196 1058 4261 omnibus
1077 4196 1165 4280 prius
1184 4217 1292 4278 quam,

145 4321 230 4383 quae
258 4297 492 4363 dubitationem
522 4321 585 4363 non
614 4301 733 4365 habere
762 4302 999 4385 intellexeritis,
1029 4307 1114 4367 recte
1143 4301 1291 4365 credatis.

144 4405 176 4468 V
179 4407 275 4470 aletc.
