2836 5034
386 360 649 408 annunsrroms
674 360 885 409 curvamen.
1143 338 1209 405 loa

152 502 216 579 Qui
241 500 352 568 omnia
374 524 409 566 se
432 500 589 567 simulant
617 552 1050 569 .........

150 608 311 675 Consulit·
329 610 502 674 aduersum
563 660 1051 674 ..........

152 716 273 781 Militis
296 713 433 781 amicam
458 766 1052 783 ............

150 820 357 889 Bacchidem.
386 822 545 888 Vtramno
567 826 647 907 ergo
670 873 1052 889 ........

153 928 277 997 Omnia
297 928 414 996 resciui
459 980 1054 996 ............

149 1035 323 1122 Chrysalo,
346 1036 418 1122 quis
442 1038 493 1102 e'st
515 1037 607 1123 hiep
672 1086 1055 1105 ........

126 1202 158 1267 30
191 1180 303 1245 eadem
333 1178 555 1264 frequentiora
582 1203 640 1245 nec
668 1203 687 1244 a
715 1181 830 1261 ceteris
860 1204 973 1245 versus
1002 1180 1133 1245 sedibus
1160 1202 1213 1245 cx·

126 1312 152 1353 ua
172 1288 207 1352 in
229 1268 444 1370 anapaesticis
463 1286 671 1353 carminibus.
716 1286 752 1351 ln
772 1287 920 1353 iambicis
939 1287 1025 1351 onim
1043 1287 1095 1351 vel
1114 1286 1212 1352 etiam

126 1395 243 1461 {haicis
273 1392 327 1479 (de
354 1394 472 1478 quibus
501 1394 587 1459 infra
616 1394 754 1480 dicetur)
778 1394 833 1479 qui
858 1394 961 1460 cuivis
984 1393 1056 1459 loco
1080 1393 1214 1477 dactyli-

126 1526 134 1568 ι
158 1506 332 1568 accentum
354 1499 446 1565 illum
470 1501 643 1565 concedere
667 1500 810 1567 animum
835 1500 975 1585 inducat,
997 1500 1079 1567 nihil
1098 1523 1163 1587 quo
1182 1500 1214 1567 id

126 1610 181 1676 bet
209 1611 341 1693 praetor
371 1607 472 1673 solius
499 1608 599 1673 nescio
625 1608 749 1673 formae
777 1609 924 1693 exempla
953 1607 1036 1674 talia
1064 1606 1214 1674 habebit:

152 1750 204 1815 Vt
227 1749 329 1814 ue‘rba
351 1748 431 1814 mihi
455 1750 520 1833 dat,
543 1754 580 1815 rit
603 1752 702 1816 nescio
726 1774 824 1836 qnam
849 1752 916 1817 rem
940 1754 1045 1837 gerat:

151 1856 263 1923 Multa
287 1856 381 1921 simul
405 1858 511 1941 rogas,
534 1859 633 1923 ›cese-io
654 1858 730 1943 quid
754 1857 921 1943 c‘rpcdianr
945 1856 1161 1943 potissumum

126 1998 222 2069 ecch.
238 2000 304 2065 756
324 1998 428 2083 [7951.
447 1997 537 2062 Trin.
552 2000 630 2065 880:
653 1998 687 2065 in
710 2000 862 2085 qualibus
881 2004 1047 2085 praestare
1065 2000 1216 2085 spondia-

126 2135 131 2177 ι
152 2128 343 2174 mensuram
364 2104 502 2188 synizesi
529 2106 675 2171 effectam
695 2130 794 2191 supra
811 2106 1030 2173 demonstrari
1049 2130 1078 2191 p.
1093 2124 1214 2173 ccxvii

126 2218 169 2303 )].
186 2248 231 2262 -
247 2212 416 2279 Sciendum
435 2215 486 2277 est
504 2215 612 2276 autem
633 2212 772 2278 similem
791 2212 960 2299 dactylicis
979 2212 1216 2299 pronuntiatio-

126 2348 135 2391 ι
161 2320 413 2389 tribrachica
434 2320 565 2405 quidem
593 2320 751 2385 vocabula
779 2320 829 2385 vel
857 2322 891 2387 in
919 2320 1121 2387 tribrachum
1145 2340 1335 2387 ere-ccxxv

126 2430 157 2497 ia
181 2430 233 2495 ita
256 2448 433 2510 recusasse,
461 2430 498 2491 nt
525 2448 699 2512 numquam
728 2427 814 2493 herne
837 2432 1005 2494 accentum
1027 2456 1109 2497 ooo
1131 2450 1215 2493 rece·

126 2538 183 2619 int,
202 2535 261 2600 sod
281 2539 337 2599 aut
354 2534 534 2617 legitimum
555 2562 570 2599 ,ε
586 2576 603 2597 ,ι
615 2576 634 2601 o
657 2539 722 2616 aut,
742 2540 778 2599 ut
793 2558 866 2599 mor
881 2535 1099 2619 intellegetur,
1118 2534 1216 2599 certis

126 2644 310 2711 dicionibus
335 2643 572 2707 inusitatiorem
597 2644 680 2706 hunc
706 2688 722 2709 s
768 2671 798 2707 c.

156 2751 281 2817 Affinis
305 2750 390 2813 enim
414 2750 646 2834 dactylicoriun
666 2750 739 2813 lini«¹
759 2750 919 2814 notationi
946 2796 975 2805 -
993 2778 1011 2817 c
1036 2790 1042 2809 ι
1065 2750 1143 2813 hacc
1168 2754 1218 2811 cst·

126 2906 129 2923 .
162 2860 214 2924 vel
251 2856 330 2941 (quo
363 2858 473 2941 paullo
506 2857 611 2941 magis
644 2864 795 2921 accentus
829 2857 1004 2923 insolentia
1040 2856 1217 2939 delitescit)

126 2974 176 3033 ata
206 2965 409 3049 paenultima
431 3006 449 3031 s
468 2988 530 3031 ..ιε
564 2987 660 3049 (piram
691 2988 750 3029 sua
780 2970 895 3047 sponte
923 2964 1123 3047 intellegitur
1154 2986 1216 3027 non

126 3098 165 3141 ae
194 3096 261 3139 nou
290 3073 450 3155 syllabam
480 3072 740 3157 brevemscqui.
787 3070 848 3135 Sed
879 3071 939 3135 hoc
961 3092 1026 3135 non
1051 3070 1130 3135 satis
1153 3076 1217 3133 cst:

126 3184 161 3245 ta
193 3180 280 3243 enim
314 3180 537 3262 plerumque
571 3178 717 3242 condicio
751 3179 830 3242 haec
863 3177 1000 3261 accedit,
1038 3184 1074 3241 ut
1107 3178 1219 3241 binae

126 3308 185 3351 nes
206 3290 393 3369 sequantur,
416 3287 466 3350 vel
486 3290 522 3350 ut
540 3286 611 3349 aliis
631 3287 738 3350 verbis
757 3286 872 3367 dicam,
896 3289 932 3350 ut
951 3292 1083 3350 accentu
1105 3291 1218 3349 notata

126 3394 202 3460 laba
225 3416 296 3457 cnm
321 3393 476 3476 proximis
500 3414 563 3457 non
589 3395 814 3477 anapaestum,
843 3392 897 3457 sed
927 3392 1127 3457 tribrachum
1152 3392 1218 3455 clli-

126 3508 146 3567 t.
193 3501 244 3565 Ea
268 3500 368 3583 igitur
399 3499 620 3583 pronuntiatio
650 3501 813 3583 propriam
843 3500 905 3563 sibi
930 3498 1036 3563 sedern
1063 3499 1161 3563 habet
1186 3500 1216 3563 iu

126 3608 387 3695 plenariorum
412 3606 551 3671 secundo
577 3607 627 3670 vol
651 3607 747 3671 tcrtio
772 3607 861 3690 pede,
884 3614 919 3670 nt
944 3605 1031 3669 'l'rin
1051 3607 1124 3670 m.
1145 3606 1218 3670 715.

126 3718 147 3781 l.
170 3714 240 3780 Mil.
264 3714 306 3795 ll,
329 3718 360 3795 2,
383 3715 435 3778 38.
459 3713 575 3778 Bacch.
601 3715 643 3776 72
667 3713 770 3795 [1031.
793 3713 880 3777 Trin.
905 3716 977 3777 (524.
1002 3714 1076 3777 625».
1100 3714 1178 3777 889:

162 3858 240 3924 Sine
263 3858 338 3940 dole}
362 3878 463 3941 neque
487 3861 521 3920 tu
546 3854 620 3919 hinc
645 3855 802 3919 abilnrn's
848 3905 1175 3921 .......

160 3964 220 4031 Sin
244 3963 335 4027 alite‘r
358 3963 519 4027 animitus
543 3985 587 4044 es,
611 3962 691 4027 bene
738 4012 1176 4027 .........

160 4052 228 4143 sibi
251 4070 363 4134 habitet
387 4076 418 4134 et
443 4070 520 4132 item
545 4070 683 4134 alterurn
709 4069 747 4133 ad
773 4070 876 4134 istanc
902 4120 1175 4134 ......

162 4178 251 4243 Nam
275 4176 387 4241 molar
409 4175 540 4241 holitdri
565 4198 740 4261 numquam
795 4226 1175 4243 ........

160 4388 283 4457 mnam
306 4386 438 4455 siquidem
462 4386 489 4439 in
513 4386 617 4441 taliam
642 4389 673 4440 ut
696 4387 770 4441 'l'rin
796 4394 861 4441 59³:
890 4388 1028 4457 Siquidm
1053 4408 1118 4457 narr
1143 4392 1221 4445 norm

126 4498 163 4535 us
184 4484 233 4544 est,
252 4478 370 4546 apparet
388 4493 439 4546 pro
456 4474 565 4530 duabus
584 4476 699 4531 vocibus
716 4474 807 4547 accipi
827 4476 958 4547 potuisse.
