2836 5034
457 123 694 193 nsrnrnrscnn
717 123 844 171 monn.
1154 105 1216 168 671
1242 166 1245 171 .

84 280 403 349 cumulemus,
426 286 464 331 ac
486 288 589 352 nuper
613 265 742 331 demum
765 264 986 331 comissimum
1008 265 1043 329 in
1066 263 1118 328 his
1141 263 1221 347 ipsis

86 370 176 437 tcrria
201 392 278 438 rara
305 394 380 438 cum
406 373 533 439 laetitia
560 373 684 459 experti
709 394 834 457 sumus,
863 386 1140 437 svcvsmssulvrs
1162 388 1221 435 aa·

88 492 155 543 ann
170 482 317 545 nostrum
330 479 553 545 Fnrnnmcvn
568 478 790 546 vaaursvrs.
823 475 922 543 Cuius
946 498 1019 542 cum
1038 477 1217 562 singulares

32 668 39 675 .
90 582 214 651 virtutes
238 587 361 652 variam
385 609 423 653 ac
446 586 660 671 multiplicem
684 585 889 672 praedicandi
913 583 1083 649 materiam
1103 604 1219 668 suppe-

36 688 39 693 ’
91 688 192 776 ditem,
214 693 471 759 luculentissima
494 693 622 779 quidem
640 693 763 779 Regiae
781 691 999 777 praestantiae
1019 689 1219 774 documenta,
1233 710 1267 751 1v

89 797 196 881 quibus
219 799 306 864 bunc
328 799 436 883 ipsnm
459 821 579 864 annum
601 799 694 885 regni
717 798 767 863 sui
790 797 963 882 praecipue
981 817 1052 861 esse
1070 801 1219 862 ornatum

90 902 199 988 soluit,
230 906 264 969 in
292 926 331 970 eo
359 925 475 990 genere
502 906 640 989 enitent,
672 905 706 970 in
734 926 797 990 qno
825 902 995 970 recolendo
1018 924 1084 969 non
1107 902 1219 968 dubito

88 1009 159 1093 quin
188 1011 286 1097 longe
318 1011 460 1076 maxima
489 1015 523 1079 et
552 1033 612 1077 sua
641 1016 675 1076 et
702 1015 811 1076 vestra
835 1010 1003 1095 voluptate
1030 1010 1107 1075 talis
1135 1014 1221 1076 asset

85 1121 189 1183 emtor
215 1122 417 1200 versaturus,
449 1139 470 1182 a
498 1117 588 1183 cuius
616 1139 755 1202 persona
782 1115 865 1181 illud
887 1116 1094 1202 potissimum
1117 1137 1219 1202 genus

83 1221 185 1290 minus
209 1246 308 1310 quam
332 1246 351 1288 a
374 1245 446 1288 mea
469 1224 611 1289 alienum
635 1229 728 1289 asset.
774 1222 876 1299 Quam
900 1222 987 1287 enim
1009 1222 1110 1308 fugit,
1133 1224 1219 1290 lucu·

82 1324 295 1397 lentissimum
317 1331 442 1397 facinus
466 1353 539 1396 cum
563 1331 648 1413 dico,
671 1330 815 1416 cogitare
837 1350 889 1394 me
912 1328 951 1394 de
974 1329 1148 1395 immutata
1171 1335 1221 1396 at·

82 1454 141 1517 que
168 1439 305 1505 consilio
330 1460 402 1503 vere
430 1440 521 1523 regio
550 1437 720 1503 emendata
741 1436 847 1503 forma
870 1435 1098 1523 gubernandae
1121 1437 1219 1504 admi·

84 1541 328 1630 bistrandaeque
351 1545 506 1611 civitatis:
530 1546 619 1610 cuins
643 1567 716 1610 cum
739 1544 877 1611 antehac
901 1565 978 1610 curs
995 1567 1095 1629 penes
1113 1546 1220 1632 regios

31 1678 38 1713 ·.
87 1649 249 1718 ministros
267 1651 385 1718 fuisset
403 1653 499 1735 solos,
517 1652 629 1717 eadem
648 1656 726 1737 post
743 1652 929 1717 diuturnam
947 1652 1220 1737 exspectationem

10 1788 13 1793 ·
43 1756 46 1761 ’
83 1770 153 1823 tum
172 1759 300 1842 populo
328 1782 386 1826 suo
415 1758 597 1825 liberaliter
624 1759 862 1825 communicata
888 1758 1039 1843 publicae
1062 1759 1221 1825 consulta·

10 1878 19 1901 ··
84 1857 179 1930 lionis
202 1865 434 1952 popularisque
458 1864 701 1932 deliberationis
725 1869 838 1932 auctor
861 1865 999 1949 exstitit,
1023 1887 1040 1930 e
1064 1884 1128 1951 qua
1150 1887 1220 1950 spe·

83 1982 153 2037 ms
179 1971 257 2038 licet
283 1973 354 2037 fore
382 1977 420 2038 ut
445 1994 510 2038 non
534 1971 568 2036 in
590 1993 697 2037 rerum
721 1971 968 2037 Borussicarum
991 1974 1133 2056 tautum,
1165 1971 1222 2036 sed

11 2138 20 2148 .
84 2066 305 2144 inuniversae
324 2077 519 2144 Germaniae
538 2078 678 2144 salutem
700 2076 798 2164 longe
821 2077 1073 2163 praeclarissimi
1096 2076 1221 2143 fructus

85 2178 270 2251 adnuens
302 2185 341 2250 In
363 2186 425 2253 boc
444 2186 547 2272 igitur
565 2205 692 2270 genere,
715 2207 853 2272 quocum
871 2184 1138 2251 coniunctissima
1156 2183 1222 2250 alia

10 2334 13 2344 .
58 2316 61 2321 ·
86 2289 137 2351 at
159 2311 224 2357 non
247 2293 354 2358 minus
377 2292 511 2378 egregia
534 2291 716 2358 emendatio
739 2314 846 2357 rerum
871 2291 1029 2376 civilium,
1056 2291 1221 2375 pertinens

88 2406 126 2457 ea
149 2397 188 2463 ad
215 2398 410 2466 indiciorum
437 2398 576 2465 formam
604 2398 700 2465 buius
727 2400 830 2484 ipsius
858 2399 1044 2485 provinciae
1074 2400 1222 2483 exemplo

10 2534 12 2539 ·
89 2488 255 2571 &tantari
279 2511 437 2592 coeptam,
460 2506 556 2573 bodie
579 2508 710 2590 morari,
733 2507 794 2572 etsi
818 2507 919 2592 gestit
936 2505 1074 2589 animus,
1096 2504 1221 2571 duabus

92 2596 127 2668 ds
151 2614 270 2678 caussis
298 2614 383 2679 uolo.
428 2614 573 2678 Primum
602 2613 686 2699 quod
710 2637 748 2678 ea
773 2614 859 2695 laus,
892 2615 1004 2696 utpote
1029 2611 1118 2677 cuius
1142 2616 1222 2676 tam·

93 2724 177 2791 quam
203 2717 327 2784 radices
355 2719 397 2784 ab
425 2717 507 2785 D1v1
534 2718 719 2785 Farnsa1o1
743 2711 992 2786 vanam'lll
1015 2718 1152 2802 imperio
1174 2739 1221 2782 re-

96 2822 239 2897 petendae
263 2846 334 2890 esse
358 2826 554 2909 viderentur,
582 2832 651 2892 tam
679 2826 834 2892 fammdae
861 2847 963 2909 nuper
986 2825 1144 2890 orationis
1168 2846 1223 2908 op·

96 2931 317 3006 portunitatem
345 2933 496 3016 praebuit
523 2955 596 2998 cum
619 2951 737 2999 minvs
765 2934 853 3018 piam
883 2932 1072 2998 memoriam
1095 2931 1223 3017 publice

95 3036 318 3121 solebamus,
345 3042 382 3102 ut
405 3039 579 3105 verendum
603 3040 646 3104 sit
668 3039 826 3124 profecto,
853 3062 894 3104 ne
917 3038 958 3103 ab
984 3038 1062 3103 talis
1085 3039 1223 3104 oratoris

92 3140 250 3227 splendore
278 3142 381 3209 nimio
410 3144 582 3210 intervallo
612 3149 796 3211 nostrorum
826 3145 1026 3230 relinquatur
1050 3146 1223 3212 verborum

92 3248 233 3315 huitas.
273 3247 400 3315 Deinde
423 3255 531 3316 antem
554 3272 627 3316 cum
651 3274 670 3316 a
694 3273 766 3315 mea
788 3272 927 3335 persona
950 3252 1032 3317 illud
1056 3272 1223 3337 argumen-

89 3354 151 3423 lnm
168 3377 240 3421 esse
260 3355 398 3421 alienius
417 3355 609 3441 significavi,
631 3357 694 3422 lroc
713 3357 831 3422 sentio:
854 3357 943 3422 nolle
962 3380 1023 3442 ma,
1047 3359 1102 3443 qui
1120 3358 1223 3423 vitam

84 3462 299 3529 umbraticam
322 3461 439 3546 degam
462 3467 495 3527 et
518 3485 573 3528 cas
587 3462 697 3529 Musas
722 3465 836 3547 colam,
858 3485 940 3548 quae
963 3463 1094 3549 fugiunt
1117 3464 1222 3528 forum

83 3572 117 3637 at
136 3569 270 3653 curiam,
292 3589 332 3633 ea
353 3574 545 3654 argumenta
568 3591 733 3654 occupare,
755 3591 837 3656 quac
860 3570 927 3634 illis
949 3569 1160 3655 relinquenda
1178 3570 1224 3634 vi·

80 3674 235 3761 antur,
264 3675 320 3760 qui
343 3674 377 3740 in
401 3676 519 3741 litteris
540 3675 693 3741 habitant
716 3677 863 3760 proximo
887 3698 960 3742 cum
982 3678 1056 3743 foro
1079 3682 1112 3742 et
1134 3677 1224 3742 curia

80 3782 212 3850 maculo
233 3781 430 3865 coniunctis,
451 3782 524 3868 lege
548 3787 656 3848 autem
679 3783 780 3848 creati
803 3781 957 3849 Rectores
980 3782 1076 3849 huius
1101 3783 1225 3848 univer·

78 3889 191 3957 sitatis
213 3893 291 3974 post
315 3910 367 3953 me
395 3888 434 3952 de
457 3888 519 3955 hoc
543 3894 697 3974 suggestu
721 3891 870 3956 orabunt
918 3888 980 3955 Sed
1004 3912 1085 3973 quae
1108 3889 1148 3953 ad
1171 3889 1223 3954 lit·

76 4000 169 4063 teras
197 3996 366 4062 universas
393 4016 568 4079 earumque
597 3995 738 4060 rationes
766 3996 864 4060 latius
895 3999 1044 4079 patentes
1074 3995 1225 4059 instituta

75 4102 192 4169 civilia
214 4105 374 4187 spectant,
397 4123 507 4167 eorum
531 4101 660 4187 quidem
684 4103 957 4167 existimationem
980 4105 1077 4184 atque
1100 4100 1223 4184 discep-

74 4210 242 4325 tationpm
268 4231 344 4277 cum
372 4231 437 4275 non
461 4231 614 4294 superare
638 4230 744 4273 meum
772 4214 902 4294 captum
926 4211 1056 4293 putaro,
1083 4227 1148 4271 non
1171 4228 1222 4271 ve·
