2886 5032
179 304 245 368 oto
561 317 796 366 nscmmscsn
819 317 949 365 annau.

181 466 279 547 atque
310 461 478 545 polliceor,
507 460 537 523 ei
567 459 664 525 facite
694 464 731 525 ut
757 481 953 545 propensam
982 460 1017 525 in
1047 482 1100 526 me
1125 462 1283 526 voluntatem

180 573 354 634 vestram
377 566 555 632 liberaliter
577 566 779 651 retribuatis,
802 566 897 631 eain
921 567 1004 632 meis
1029 566 1083 633 vel
1108 566 1235 633 condliis
1251 562 1284 628 vel

182 674 460 740 admonitionibus
479 673 596 739 fiducia
615 673 784 757 collocata,
807 695 890 758 quse
909 676 1027 741 merito
1045 674 1196 759 subsequi
1213 678 1238 737 et
1252 691 1285 736 eo

183 782 294 846 mitari
313 781 496 865 simplicem
517 781 739 866 sinceramque
759 782 930 846 caritatem
950 780 1044 847 solet.
1076 779 1116 845 In
1134 802 1196 865 qua
1209 783 1286 844 nubs

183 887 364 953 officiorum
399 887 625 953 coniunctione
657 885 737 950 illud
765 908 824 952 vos
851 908 931 973 rogo
964 886 1077 953 sedulo
1108 883 1287 963 recordemini,

184 1000 290 1060 certos
319 995 399 1059 fines
427 993 604 1078 modosque
631 992 781 1077 quamvis
809 995 980 1076 promptae
1004 995 1177 1060 excusandi
1197 988 1287 1058 lenitati

184 1099 435 1186 ignoscendique
463 1099 684 1183 indulgentiae
712 1098 902 1183 designatos
925 1120 997 1164 esse
1020 1101 1124 1184 ipsius
1147 1096 1286 1166 nonsart

183 1209 386 1273 necessitate.
432 1204 536 1282 Quam
570 1204 728 1271 servando
760 1207 916 1271 curabitis
943 1242 981 1252 -
1013 1207 1142 1273 confido
1173 1207 1244 1273 enin
1260 1238 1286 1250 -

184 1318 284 1379 utne
308 1335 366 1379 vos
390 1316 577 1397 vestrasque
601 1335 652 1377 res
676 1311 798 1398 tuendi,
821 1312 1034 1396 sustentandi,
1056 1313 1236 1380 defendendi
1252 1331 1287 1395 pe

183 1424 339 1485 testatem
363 1420 464 1485 invito
488 1420 568 1484 mihi
591 1424 625 1485 et
647 1419 768 1485 dolenti
792 1420 855 1504 ipsi
878 1420 1034 1504 eripiatis.
1080 1420 1165 1487 Dixi.

746 1779 775 1842 7.

184 1917 316 1983 Oratio
345 1917 388 1982 de
419 1918 654 1984 emendanda
681 1919 834 1985 ratione
862 1919 1149 1985 academiarum
1177 1923 1214 1984 et
1234 1911 1289 1980 uni·

229 2024 478 2090 versitatium
502 2024 638 2091 habita
660 2026 721 2091 die
744 2025 806 2091 XV
829 2048 871 2090 m.
895 2025 1078 2092 Octobris
1103 2049 1132 2093 a.
1157 2022 1262 2106 18475)

146 2195 185 2236 111
274 2165 492 2233 Convenimus
520 2166 631 2251 hodie,
663 2166 828 2233 auditores
855 2190 914 2234 suo
942 2168 1078 2254 quisque
1107 2169 1177 2235 loco
1204 2167 1287 2252 epod*
1330 2168 1332 2176 ’

144 2329 147 2335 .
185 2274 321 2358 tissimi,
349 2275 559 2340 convenimus
583 2275 651 2339 eius
675 2274 738 2340 diei
762 2274 1009 2340 concelebrandi
1032 2297 1163 2360 caussa,
1185 2275 1231 2360 qui
1247 2285 1287 2354 qul

185 2382 314 2465 saepius
338 2379 398 2446 Dei
423 2380 547 2467 Optimi
572 2380 708 2445 Maximi
732 2381 889 2447 beneficio
912 2381 1010 2464 redit,
1038 2403 1076 2447 eo
1106 2375 1289 2448 taeduerat

185 2510 247 2573 quc
271 2489 431 2572 gratiores
461 2489 495 2552 in
524 2488 668 2555 omnium
692 2486 809 2554 animis
832 2510 944 2554 sensus
968 2489 1090 2555 excitat
1113 2512 1211 2576 eoque
1229 2498 1288 2550 sant

183 2594 285 2660 tiores
313 2596 446 2680 pietatis
475 2595 609 2660 affectus
632 2599 813 2680 perpetuat.
855 2595 981 2682 Quippe
1003 2613 1080 2661 avis
1103 2597 1202 2663 divini
1220 2583 1288 2660 numi

184 2703 236 2765 nis
264 2702 468 2786 providentia
496 2724 561 2767 non
590 2707 817 2768 conservatum
845 2707 986 2788 tantum,
1019 2704 1075 2769 sed
1105 2693 1288 2789 vigerent

184 2811 346 2874 communi
377 2811 476 2874 saluti
505 2811 669 2893 sapienter
691 2812 943 2895 prospicientem
967 2816 1065 2896 atque
1089 2811 1253 2877 illustriora
1268 2799 1287 2860 il

184 2917 252 2980 dies
285 2918 429 2982 facinora
462 2918 604 3002 gloriose
642 2924 882 3003 perpetrantem
919 2920 1013 2983 nobis
1052 2919 1288 3005 congratulamur,

183 3046 278 3108 quem
307 3043 450 3089 Passum
484 3030 517 3089 et
549 3026 675 3108 patriae
703 3031 736 3091 et
762 3027 858 3091 huius
886 3027 1109 3091 universitatis
1138 3029 1287 3093 veneramus

271 3270 296 3339 ²¹²)
316 3272 414 3342 [Edita
436 3274 480 3327 est
503 3271 573 3327 haec
596 3273 686 3328 oratio
710 3273 772 3329 loco
796 3273 932 3343 prooemii
954 3273 1055 3328 indicis
1074 3274 1227 3329 scholarum
1241 3266 1287 3320 ΒΜ·

182 3360 311 3415 nensiurn
334 3362 504 3416 aestivarum
530 3379 556 3416 a.
575 3375 851 3419 cIolocccxxxxvm
870 3361 1030 3432 praemissis
1048 3362 1094 3416 his
1112 3361 1212 3417 verbis:
1238 3353 1290 3407 ‘Prt

183 3450 275 3503 oemia
299 3451 479 3504 semestribus
504 3450 664 3504 scholarum
682 3450 820 3505 indicibus
840 3451 982 3520 praemitti
1001 3451 1087 3505 solita
1105 3468 1169 3506 cum
1188 3452 1235 3504 boc
1249 3454 1289 3497 ΘΜ·

183 3537 247 3591 silio
271 3538 442 3607 scribantur,
470 3540 502 3593 ut
524 3539 668 3593 nominum
691 3555 924 3606 numerorumque
947 3538 1079 3594 ieiunitas
1106 3541 1200 3609 aliquo
1217 3526 1291 3590 deleri·

183 3628 278 3681 mento
302 3627 512 3682 commendetur
536 3645 551 3682 e
575 3627 715 3683 floridiore
739 3643 841 3697 genere
864 3627 967 3696 petito,
986 3627 1063 3682 haud
1082 3628 1215 3683 absonum
1230 3622 1291 3677 vura

183 3714 227 3767 est
246 3714 344 3768 relicta
363 3715 512 3769 morosiore
532 3716 739 3770 commentandi
759 3715 959 3770 consuetudine
977 3714 1007 3769 iu
1026 3715 1088 3771 loco
1108 3717 1191 3787 longe
1208 3704 1291 3768 flantia

183 3802 253 3857 simo
287 3804 402 3870 versari,
432 3804 480 3873 qui
507 3804 554 3872 pia
582 3805 775 3859 recordatione
802 3817 1017 3858 svovsrrssrm
1044 3818 1134 3860 saors
1162 3801 1292 3861 conticetur.

185 3907 302 3958 eamque
322 3892 466 3946 vobiscum
487 3893 643 3948 orationem
663 3893 768 3962 scripto
788 3894 1007 3963 communicare,
1026 3913 1111 3964 quam
1131 3896 1206 3949 lllius
1222 3882 1292 3947 naut·

183 3979 234 4033 ciis
265 3980 438 4035 celebrandis
464 3987 606 4050 superiore
632 3999 706 4037 anno
733 3982 769 4037 ab
788 3983 907 4038 Rectore
926 3983 1126 4039 Vniversitatis
1149 3972 1293 4038 habiant
1330 4034 1332 4049 ,

182 4068 297 4123 auribus
316 4069 459 4124 benevolis
478 4072 508 4124 st
525 4070 635 4126 iudiciis
649 4071 808 4141 excepistis.
832 4072 909 4138 Quae
924 4089 988 4126 oum
1003 4075 1032 4127 st
1046 4073 1083 4128 ad
1096 4073 1202 4128 litteras
1215 4061 1293 4139 epedd

181 4172 334 4225 earumque
358 4158 479 4213 rationes
504 4159 692 4228 academicae,
721 4162 750 4215 et
773 4177 839 4215 vero
863 4161 959 4229 aliqua
978 4177 1013 4215 ex
1030 4164 1111 4231 parte
1129 4162 1164 4215 ad
1183 4155 1291 4231 publius

181 4245 317 4315 salutem,
345 4249 439 4301 vestra
462 4264 572 4316 quoque
596 4249 703 4317 studia,
733 4249 834 4319 quibus
858 4250 952 4320 largas
975 4250 1124 4320 lautasque
1147 4251 1227 4319 dapes
1242 4239 1292 4297 ills⁸

180 4335 322 4401 appositas
346 4333 460 4403 vidctis,
484 4336 598 4404 aliquod
623 4338 700 4393 illinc
724 4343 754 4393 et
775 4339 929 4394 industriae
949 4340 1162 4394 incitamentum
1181 4340 1206 4391 et
1223 4335 1290 4388 firm·

180 4426 306 4476 mentum
328 4424 480 4479 voluntatis
500 4443 599 4495 capere
619 4431 760 4497 poterunt.
799 4429 922 4485 Valete.’
962 4428 990 4482 O.
1011 4430 1070 4501 W.]
