2886 5032
720 1298 796 1389 XI.

450 1468 531 1552 Duo
557 1471 848 1571 programmata
875 1470 1071 1554 Plautina.

746 1790 770 1856 l.

218 1933 446 2001 CANTICVM
470 1932 664 1999 POENVLI
688 1933 943 1999 PLAVTINAE
967 1932 1324 2025 EMENDATVM.*)'

147 2152 186 2192 111
276 2130 453 2195 Pristinam
476 2130 740 2195 consuetudinem
764 2131 924 2215 quandam
947 2131 1133 2215 recolimus,
1157 2157 1235 2200 oum
1306 2128 1309 2133 ’

92 2288 97 2296 .
187 2260 263 2303 nam
289 2238 473 2303 Plautinam
497 2237 589 2302 vobis
613 2239 825 2323 proponimus
836 2239 896 2324 **),
919 2239 1128 2304 emendatam
1152 2240 1247 2305 illam
1268 2263 1285 2327 q

187 2382 398 2391 ——Q

295 2448 320 2518 *)
342 2449 530 2521 [Prooemium
549 2448 651 2504 indicis
669 2450 826 2505 scholarum
841 2449 1030 2506 Bonnensium
1049 2450 1235 2507 hibernarum

188 2557 249 2594 rum
268 2551 477 2596 oroIocoonvm
495 2541 525 2593 et
542 2539 616 2610 nrm]

277 2627 320 2697 **)
340 2628 541 2699 [Proposuerat
568 2626 738 2683 Ritsohelius
767 2626 910 2683 Plautinas
938 2644 1053 2682 scaenas
1082 2629 1186 2685 Militis
1215 2628 1281 2702 glori

188 2716 334 2783 Pseudnli,
359 2715 618 2782 Menaechmum,
642 2714 833 2770 Mostellariae
857 2717 1018 2772 emendatas
1037 2735 1090 2773 neo
1110 2722 1209 2775 tamen
1228 2717 1292 2790 ple‘

189 2808 331 2861 enarratas
349 2805 378 2858 in
397 2804 547 2872 prooemiis
566 2805 689 2859 indicum
709 2806 795 2860 sohol.
810 2805 960 2860 Vratislav.
980 2810 1048 2862 sest.
1070 2816 1151 2877 1839,
1173 2809 1297 2865 Bonnhr

191 2901 307 2964 1850sol
332 2896 512 2964 et1851s62‚
542 2896 611 2948 aest.
634 2899 709 2949 1851.
748 2894 871 2960 Quorum
898 2898 1095 2965 argumentum
1120 2916 1186 2953 oum
1214 2899 1268 2952 ini

189 2984 302 3038 illarum
320 2981 478 3037 fabularum
502 2982 637 3037 editiones
657 2985 800 3052 receptum
819 2984 868 3053 sit,
896 2984 1067 3040 Ritsohelius
1086 3003 1122 3041 ea
1143 2988 1172 3041 in
1193 2981 1304 3058 opusrn'

190 3072 317 3128 iteranda
348 3088 404 3125 non
435 3070 545 3124 curavit
576 3071 621 3137 (of.
651 3071 751 3141 Opuso.
781 3073 806 3125 ΙΙ
834 3071 921 3142 prael.
950 3089 978 3140 p.
1007 3078 1088 3142 xxl):
1127 3080 1214 3146 primi
1242 3081 1293 3131 tam

188 3161 301 3216 illorum
332 3161 584 3229 programmatum‚
613 3159 688 3227 quod
720 3159 795 3214 idem
823 3160 898 3214 inter
921 3160 1159 3219 Vratislaviensia
1187 3167 1242 3221 fuit
1268 3161 1316 3218 ulti

190 3267 279 3317 mum,
304 3247 506 3317 praefationem
530 3248 790 3317 perorationemque
814 3248 887 3304 infra
909 3248 1021 3319 scripsi,
1045 3252 1155 3323 quippe
1177 3255 1319 3309 etiamnum

163 3339 266 3393 alecto
284 3337 360 3392 haud
379 3335 543 3390 iniucundus
562 3336 644 3391 visas.
684 3336 711 3390 C.
731 3337 788 3408 W.]
828 3337 941 3392 ‘Grave
960 3338 1066 3394 aooidit
1084 3344 1114 3395 et
1134 3343 1286 3412 propemod

190 3427 322 3494 nimium,
349 3426 423 3494 quod
446 3425 475 3478 in
500 3424 562 3493 ipso
587 3425 709 3479 discessu
732 3427 762 3478 et
784 3425 858 3480 inter
881 3444 1004 3481 summas
1023 3430 1123 3484 turbas
1144 3432 1241 3487 officio
1259 3429 1324 3484 satio·

190 3518 281 3570 faeere
301 3515 429 3569 iubemur
447 3515 513 3570 olim
532 3514 740 3582 iucundissimo,
760 3515 808 3568 sed
828 3515 872 3569 cui
891 3533 963 3570 nuno
978 3533 1043 3571 vere
1058 3518 1127 3572 satis
1144 3521 1207 3575 iieri
1222 3520 1268 3574 vix
1280 3516 1324 3571 ulh

191 3604 273 3659 modo
293 3604 390 3673 possit.
427 3605 582 3658 Nemeum
600 3606 726 3658 nostrum
746 3603 795 3672 sit,
816 3604 915 3673 quibus
935 3605 1004 3659 haee
1023 3608 1090 3659 sunt
1109 3609 1259 3676 prooemia
1275 3622 1324 3662 con·

191 3693 342 3762 oinnauda,
371 3711 426 3748 non
449 3693 532 3748 modo
556 3693 710 3747 studiorum
736 3691 901 3747 industriam
925 3693 1004 3748 vobis
1027 3697 1230 3753 commendare
1254 3690 1324 3752 etsi

191 3784 332 3836 strennum
357 3799 451 3836 earnm
476 3799 545 3851 quas
568 3782 641 3836 infra
660 3782 766 3851 positas
786 3783 886 3837 videtis
905 3783 1065 3837 scholarum
1084 3803 1168 3840 usum
1190 3782 1324 3851 cohoani

192 3868 240 3923 sed
264 3869 349 3924 etiam
373 3870 479 3938 aliquid
500 3870 682 3936 reconditius,
712 3870 787 3938 quod
806 3870 970 3925 ad=litteras
989 3871 1066 3942 ipsas
1086 3879 1213 3944 spectet,
1242 3890 1324 3947 propo

191 3977 269 4014 nere:
288 3959 420 4028 quoniam
442 3963 472 4014 et
490 3959 548 4014 otio
569 3977 695 4014 caremus
715 3962 743 4013 et
761 3959 896 4014 librorum
916 3961 1101 4029 supellectile,
1121 3964 1196 4018 nihil
1216 3966 1275 4020 fere
1291 3981 1324 4018 no

191 4048 234 4102 bis
253 4048 381 4102 relictum
401 4049 599 4120 intellegimus,
617 4049 672 4102 nisi
687 4051 719 4102 ut
733 4048 879 4103 materiam
894 4050 987 4118 potius
1002 4050 1103 4105 virium
1119 4055 1324 4108 exercendarum

192 4138 272 4192 vobis
291 4139 445 4204 tradamus,
465 4155 548 4207 quarn
567 4138 596 4191 in
615 4137 785 4193 floridiorem
804 4139 896 4192 locum
915 4137 1039 4207 aliquem
1058 4140 1199 4197 deductos
1214 4143 1324 4198 uberiori

191 4226 331 4280 rationum
355 4225 529 4294 expositione
553 4226 607 4294 ipsi
627 4225 813 4281 instituamus.
851 4226 1080 4297 Exprompsimus
1100 4229 1245 4299 igiturex
1264 4233 1324 4286 eche

191 4314 265 4368 dulia
290 4331 355 4368 casu
380 4311 470 4381 magis
499 4331 583 4382 quam
612 4314 729 4369 consilio
753 4315 871 4369 servatis
894 4315 1056 4370 Plautinum
1084 4335 1217 4374 scaenam
1242 4320 1324 4375 Militis

192 4400 307 4472 gloriosi
328 4403 365 4470 ΙΙ,
385 4408 401 4455 4
420 4418 470 4471 pro
489 4402 564 4455 virili
584 4406 663 4473 parte
682 4420 699 4458 a
717 4404 797 4458 nobis
816 4403 1007 4459 emendatam:
1028 4422 1143 4476 quarum
1165 4410 1324 4463 emendatio
