<?xml version="1.0" encoding="UTF-8"?>
<!DOCTYPE html PUBLIC "-//W3C//DTD XHTML 1.0 Transitional//EN"
    "http://www.w3.org/TR/xhtml1/DTD/xhtml1-transitional.dtd">
<html xmlns="http://www.w3.org/1999/xhtml" xml:lang="en" lang="en">
 <head>
  <title>
</title>
<meta http-equiv="Content-Type" content="text/html;charset=utf-8" />
  <meta name='ocr-system' content='tesseract 3.04.00' />
  <meta name='ocr-capabilities' content='ocr_page ocr_carea ocr_par ocr_line ocrx_word'/>
</head>
<body>
  <div class='ocr_page' id='page_1' title='image "./fridericiritsch00ritsgoog_0336.png"; bbox 0 0 2886 5032; ppageno 0'>
   <div class='ocr_carea' id='block_1_1' title="bbox 216 294 1077 358">
    <p class='ocr_par' dir='ltr' id='par_1_1' title="bbox 216 294 1077 358">
     <span class='ocr_line' id='line_1_1' title="bbox 216 294 1077 358; baseline 0.001 -2"><span class='ocrx_word' id='word_1_1' title='bbox 216 294 282 356; x_wconf 85' lang='grc'><strong>314</strong></span> <span class='ocrx_word' id='word_1_2' title='bbox 506 308 768 358; x_wconf 75' lang='lat' dir='ltr'><strong>mouuoouuuu</strong></span> <span class='ocrx_word' id='word_1_3' title='bbox 793 311 840 356; x_wconf 86' lang='lat' dir='ltr'><strong>ou</strong></span> <span class='ocrx_word' id='word_1_4' title='bbox 863 308 1077 357; x_wconf 80' lang='lat' dir='ltr'><strong>asrsormvs</strong></span> 
     </span>
    </p>
   </div>
   <div class='ocr_carea' id='block_1_2' title="bbox 87 452 1349 2457">
    <p class='ocr_par' dir='ltr' id='par_1_2' title="bbox 87 452 1349 2457">
     <span class='ocr_line' id='line_1_2' title="bbox 216 452 1349 538; baseline 0.003 -22"><span class='ocrx_word' id='word_1_5' title='bbox 216 453 424 517; x_wconf 83' lang='lat' dir='ltr'><strong>miscuerunt.</strong></span> <span class='ocrx_word' id='word_1_6' title='bbox 461 453 586 537; x_wconf 73' lang='lat' dir='ltr'><strong>Quippe</strong></span> <span class='ocrx_word' id='word_1_7' title='bbox 605 454 639 517; x_wconf 90' lang='lat' dir='ltr'><strong>in</strong></span> <span class='ocrx_word' id='word_1_8' title='bbox 663 453 780 537; x_wconf 87' lang='lat' dir='ltr'><strong>quibus</strong></span> <span class='ocrx_word' id='word_1_9' title='bbox 804 452 970 537; x_wconf 79' lang='lat' dir='ltr'>ingenium</span> <span class='ocrx_word' id='word_1_10' title='bbox 993 456 1026 517; x_wconf 90' lang='lat' dir='ltr'><strong>et</strong></span> <span class='ocrx_word' id='word_1_11' title='bbox 1049 474 1197 538; x_wconf 85' lang='lat' dir='ltr'><strong>acumen,</strong></span> <span class='ocrx_word' id='word_1_12' title='bbox 1219 475 1275 519; x_wconf 80' lang='lat' dir='ltr'><strong>ars</strong></span> <span class='ocrx_word' id='word_1_13' title='bbox 1296 475 1349 519; x_wconf 83' lang='lat' dir='ltr'><strong>nor</strong></span> 
     </span>
     <span class='ocr_line' id='line_1_3' title="bbox 215 558 1349 644; baseline 0.002 -22"><span class='ocrx_word' id='word_1_14' title='bbox 215 558 278 625; x_wconf 85' lang='lat' dir='ltr'><strong>fuit</strong></span> <span class='ocrx_word' id='word_1_15' title='bbox 310 563 343 624; x_wconf 87' lang='lat' dir='ltr'><strong>et</strong></span> <span class='ocrx_word' id='word_1_16' title='bbox 374 559 555 643; x_wconf 82' lang='lat' dir='ltr'><strong>disciplina.</strong></span> <span class='ocrx_word' id='word_1_17' title='bbox 600 558 798 644; x_wconf 80' lang='lat' dir='ltr'>Praecipuae</span> <span class='ocrx_word' id='word_1_18' title='bbox 830 562 939 624; x_wconf 90' lang='lat' dir='ltr'><strong>autem</strong></span> <span class='ocrx_word' id='word_1_19' title='bbox 972 559 1019 624; x_wconf 90' lang='lat' dir='ltr'><strong>eis</strong></span> <span class='ocrx_word' id='word_1_20' title='bbox 1051 559 1161 625; x_wconf 88' lang='lat' dir='ltr'><strong>fraudi</strong></span> <span class='ocrx_word' id='word_1_21' title='bbox 1191 560 1349 626; x_wconf 79' lang='lat' dir='ltr'><strong>metricus</strong></span> 
     </span>
     <span class='ocr_line' id='line_1_4' title="bbox 215 665 1349 753; baseline -0.001 -21"><span class='ocrx_word' id='word_1_22' title='bbox 215 688 316 753; x_wconf 85' lang='lat' dir='ltr'><strong>genus</strong></span> <span class='ocrx_word' id='word_1_23' title='bbox 341 689 434 732; x_wconf 89' lang='lat' dir='ltr'><strong>omne</strong></span> <span class='ocrx_word' id='word_1_24' title='bbox 458 666 534 732; x_wconf 89' lang='lat' dir='ltr'><strong>fuit:</strong></span> <span class='ocrx_word' id='word_1_25' title='bbox 562 667 652 732; x_wconf 90' lang='lat' dir='ltr'><strong>cuius</strong></span> <span class='ocrx_word' id='word_1_26' title='bbox 681 667 742 731; x_wconf 89' lang='lat' dir='ltr'><strong>etsi</strong></span> <span class='ocrx_word' id='word_1_27' title='bbox 769 667 964 732; x_wconf 87' lang='lat' dir='ltr'><strong>laudandum</strong></span> <span class='ocrx_word' id='word_1_28' title='bbox 992 670 1043 731; x_wconf 88' lang='lat' dir='ltr'><strong>est</strong></span> <span class='ocrx_word' id='word_1_29' title='bbox 1070 665 1157 751; x_wconf 91' lang='lat' dir='ltr'><strong>quod</strong></span> <span class='ocrx_word' id='word_1_30' title='bbox 1181 688 1258 732; x_wconf 89' lang='lat' dir='ltr'><strong>raro</strong></span> <span class='ocrx_word' id='word_1_31' title='bbox 1280 668 1349 732; x_wconf 80' lang='lat' dir='ltr'><strong>inter</strong></span> 
     </span>
     <span class='ocr_line' id='line_1_5' title="bbox 215 773 1349 857; baseline 0.001 -19"><span class='ocrx_word' id='word_1_32' title='bbox 215 774 344 838; x_wconf 88' lang='lat' dir='ltr'><strong>criticos</strong></span> <span class='ocrx_word' id='word_1_33' title='bbox 368 773 536 839; x_wconf 86' lang='lat' dir='ltr'><strong>Plautinos</strong></span> <span class='ocrx_word' id='word_1_34' title='bbox 567 775 714 857; x_wconf 81' lang='lat' dir='ltr'><strong>exemplo</strong></span> <span class='ocrx_word' id='word_1_35' title='bbox 743 774 875 839; x_wconf 91' lang='lat' dir='ltr'><strong>omnino</strong></span> <span class='ocrx_word' id='word_1_36' title='bbox 898 773 1060 838; x_wconf 87' lang='lat' dir='ltr'><strong>rationem</strong></span> <span class='ocrx_word' id='word_1_37' title='bbox 1084 795 1156 838; x_wconf 88' lang='lat' dir='ltr'><strong>esse</strong></span> <span class='ocrx_word' id='word_1_38' title='bbox 1179 773 1349 839; x_wconf 80' lang='lat' dir='ltr'><strong>habendsn</strong></span> 
     </span>
     <span class='ocr_line' id='line_1_6' title="bbox 214 879 1349 967; baseline 0.002 -23"><span class='ocrx_word' id='word_1_39' title='bbox 214 880 457 958; x_wconf 83' lang='lat' dir='ltr'><strong>intellexerunt,</strong></span> <span class='ocrx_word' id='word_1_40' title='bbox 485 879 643 966; x_wconf 80' lang='lat' dir='ltr'><strong>quaedam</strong></span> <span class='ocrx_word' id='word_1_41' title='bbox 672 885 794 963; x_wconf 87' lang='lat' dir='ltr'><strong>autem,</strong></span> <span class='ocrx_word' id='word_1_42' title='bbox 821 880 855 945; x_wconf 91' lang='lat' dir='ltr'><strong>iu</strong></span> <span class='ocrx_word' id='word_1_43' title='bbox 884 880 1018 946; x_wconf 81' lang='lat' dir='ltr'><strong>senariis</strong></span> <span class='ocrx_word' id='word_1_44' title='bbox 1042 880 1267 965; x_wconf 88' lang='lat' dir='ltr'><strong>potissimum,</strong></span> <span class='ocrx_word' id='word_1_45' title='bbox 1291 903 1349 967; x_wconf 84' lang='lat' dir='ltr'><strong>pcr</strong></span> 
     </span>
     <span class='ocr_line' id='line_1_7' title="bbox 214 985 1349 1072; baseline 0.002 -21"><span class='ocrx_word' id='word_1_46' title='bbox 214 989 391 1072; x_wconf 81' lang='lat' dir='ltr'><strong>spexerunt</strong></span> <span class='ocrx_word' id='word_1_47' title='bbox 416 986 609 1070; x_wconf 87' lang='lat' dir='ltr'><strong>rectissime,</strong></span> <span class='ocrx_word' id='word_1_48' title='bbox 643 991 752 1050; x_wconf 87' lang='lat' dir='ltr'><strong>tamen</strong></span> <span class='ocrx_word' id='word_1_49' title='bbox 784 985 879 1051; x_wconf 91' lang='lat' dir='ltr'><strong>modo</strong></span> <span class='ocrx_word' id='word_1_50' title='bbox 908 987 941 1050; x_wconf 91' lang='lat' dir='ltr'><strong>in</strong></span> <span class='ocrx_word' id='word_1_51' title='bbox 970 985 1175 1053; x_wconf 90' lang='lat' dir='ltr'><strong>concedendo</strong></span> <span class='ocrx_word' id='word_1_52' title='bbox 1204 987 1349 1053; x_wconf 87' lang='lat' dir='ltr'><strong>modoio</strong></span> 
     </span>
     <span class='ocr_line' id='line_1_8' title="bbox 215 1092 1347 1180; baseline 0.003 -22"><span class='ocrx_word' id='word_1_53' title='bbox 215 1093 429 1178; x_wconf 88' lang='lat' dir='ltr'><strong>improbando</strong></span> <span class='ocrx_word' id='word_1_54' title='bbox 453 1093 543 1158; x_wconf 90' lang='lat' dir='ltr'><strong>nimii</strong></span> <span class='ocrx_word' id='word_1_55' title='bbox 567 1092 722 1176; x_wconf 88' lang='lat' dir='ltr'><strong>falsisque</strong></span> <span class='ocrx_word' id='word_1_56' title='bbox 741 1093 935 1178; x_wconf 89' lang='lat' dir='ltr'><strong>quibusdam</strong></span> <span class='ocrx_word' id='word_1_57' title='bbox 954 1093 1163 1177; x_wconf 75' lang='lat' dir='ltr'><strong>opinionibus</strong></span> <span class='ocrx_word' id='word_1_58' title='bbox 1182 1093 1347 1180; x_wconf 69' lang='lat' dir='ltr'><strong>praepedit</strong></span> 
     </span>
     <span class='ocr_line' id='line_1_9' title="bbox 215 1199 1343 1286; baseline 0 -21"><span class='ocrx_word' id='word_1_59' title='bbox 215 1222 311 1286; x_wconf 81' lang='lat' dir='ltr'><strong>saepe</strong></span> <span class='ocrx_word' id='word_1_60' title='bbox 342 1222 453 1265; x_wconf 91' lang='lat' dir='ltr'><strong>eorum</strong></span> <span class='ocrx_word' id='word_1_61' title='bbox 482 1200 626 1283; x_wconf 87' lang='lat' dir='ltr'><strong>ipsorum</strong></span> <span class='ocrx_word' id='word_1_62' title='bbox 656 1222 822 1283; x_wconf 84' lang='lat' dir='ltr'><strong>versuum,</strong></span> <span class='ocrx_word' id='word_1_63' title='bbox 854 1221 990 1284; x_wconf 90' lang='lat' dir='ltr'><strong>quorum</strong></span> <span class='ocrx_word' id='word_1_64' title='bbox 1018 1199 1247 1267; x_wconf 86' lang='lat' dir='ltr'><strong>reconcinnare</strong></span> <span class='ocrx_word' id='word_1_65' title='bbox 1273 1222 1343 1266; x_wconf 87' lang='lat' dir='ltr'><strong>men·</strong></span> 
     </span>
     <span class='ocr_line' id='line_1_10' title="bbox 215 1306 1348 1393; baseline 0.004 -22"><span class='ocrx_word' id='word_1_66' title='bbox 215 1330 324 1372; x_wconf 84' lang='lat' dir='ltr'><strong>suram</strong></span> <span class='ocrx_word' id='word_1_67' title='bbox 348 1307 483 1392; x_wconf 83' lang='lat' dir='ltr'><strong>vellent,</strong></span> <span class='ocrx_word' id='word_1_68' title='bbox 512 1329 663 1373; x_wconf 89' lang='lat' dir='ltr'><strong>numeros</strong></span> <span class='ocrx_word' id='word_1_69' title='bbox 687 1307 905 1372; x_wconf 89' lang='lat' dir='ltr'><strong>miserrimum</strong></span> <span class='ocrx_word' id='word_1_70' title='bbox 928 1307 962 1372; x_wconf 90' lang='lat' dir='ltr'><strong>iu</strong></span> <span class='ocrx_word' id='word_1_71' title='bbox 986 1306 1118 1373; x_wconf 90' lang='lat' dir='ltr'><strong>modum</strong></span> <span class='ocrx_word' id='word_1_72' title='bbox 1142 1314 1348 1393; x_wconf 71' lang='lat' dir='ltr'><strong>corruperunt,</strong></span> 
     </span>
     <span class='ocr_line' id='line_1_11' title="bbox 87 1412 1347 1499; baseline -0.002 -14"><span class='ocrx_word' id='word_1_73' title='bbox 87 1480 90 1485; x_wconf 90' lang='lat'><strong>.</strong></span> <span class='ocrx_word' id='word_1_74' title='bbox 214 1437 336 1480; x_wconf 88' lang='lat' dir='ltr'><strong>aenon</strong></span> <span class='ocrx_word' id='word_1_75' title='bbox 356 1415 493 1479; x_wconf 92' lang='lat' dir='ltr'><strong>multum</strong></span> <span class='ocrx_word' id='word_1_76' title='bbox 514 1413 597 1479; x_wconf 87' lang='lat' dir='ltr'><strong>afuit</strong></span> <span class='ocrx_word' id='word_1_77' title='bbox 616 1413 694 1498; x_wconf 89' lang='lat' dir='ltr'><strong>quin</strong></span> <span class='ocrx_word' id='word_1_78' title='bbox 713 1413 865 1479; x_wconf 84' lang='lat' dir='ltr'><strong>Plautum</strong></span> <span class='ocrx_word' id='word_1_79' title='bbox 885 1436 923 1477; x_wconf 83' lang='lat' dir='ltr'><strong>ex</strong></span> <span class='ocrx_word' id='word_1_80' title='bbox 938 1412 1055 1479; x_wconf 85' lang='lat' dir='ltr'><strong>Plauto</strong></span> <span class='ocrx_word' id='word_1_81' title='bbox 1075 1415 1278 1499; x_wconf 76' lang='lat' dir='ltr'><strong>expellerent</strong></span> <span class='ocrx_word' id='word_1_82' title='bbox 1303 1414 1347 1481; x_wconf 76' lang='lat' dir='ltr'><strong>lle</strong></span> 
     </span>
     <span class='ocr_line' id='line_1_12' title="bbox 214 1519 1346 1607; baseline 0.001 -21"><span class='ocrx_word' id='word_1_83' title='bbox 214 1522 343 1606; x_wconf 72' lang='lat' dir='ltr'><strong>Geryeto</strong></span> <span class='ocrx_word' id='word_1_84' title='bbox 361 1522 552 1586; x_wconf 89' lang='lat' dir='ltr'><strong>documento</strong></span> <span class='ocrx_word' id='word_1_85' title='bbox 571 1543 640 1585; x_wconf 84' lang='lat' dir='ltr'><strong>esse</strong></span> <span class='ocrx_word' id='word_1_86' title='bbox 656 1521 783 1586; x_wconf 87' lang='lat' dir='ltr'><strong>cantica</strong></span> <span class='ocrx_word' id='word_1_87' title='bbox 797 1519 978 1585; x_wconf 84' lang='lat' dir='ltr'><strong>&#39;l&#39;rinummi</strong></span> <span class='ocrx_word' id='word_1_88' title='bbox 996 1525 1144 1605; x_wconf 79' lang='lat' dir='ltr'><strong>possunt,</strong></span> <span class='ocrx_word' id='word_1_89' title='bbox 1163 1544 1288 1607; x_wconf 89' lang='lat' dir='ltr'><strong>prorsus</strong></span> <span class='ocrx_word' id='word_1_90' title='bbox 1301 1522 1346 1587; x_wconf 85' lang='lat' dir='ltr'><strong>io-</strong></span> 
     </span>
     <span class='ocr_line' id='line_1_13' title="bbox 214 1627 1346 1713; baseline 0.001 -19"><span class='ocrx_word' id='word_1_91' title='bbox 214 1629 358 1694; x_wconf 89' lang='lat' dir='ltr'><strong>credibili</strong></span> <span class='ocrx_word' id='word_1_92' title='bbox 373 1628 506 1692; x_wconf 78' lang='lat' dir='ltr'><strong>libidine</strong></span> <span class='ocrx_word' id='word_1_93' title='bbox 521 1628 562 1692; x_wconf 85' lang='lat' dir='ltr'><strong>ab</strong></span> <span class='ocrx_word' id='word_1_94' title='bbox 577 1628 635 1693; x_wconf 90' lang='lat' dir='ltr'><strong>illo</strong></span> <span class='ocrx_word' id='word_1_95' title='bbox 650 1628 839 1693; x_wconf 85' lang='lat' dir='ltr'><strong>dilacerata:</strong></span> <span class='ocrx_word' id='word_1_96' title='bbox 859 1627 899 1692; x_wconf 91' lang='lat' dir='ltr'><strong>de</strong></span> <span class='ocrx_word' id='word_1_97' title='bbox 913 1627 1025 1693; x_wconf 90' lang='lat' dir='ltr'><strong>Bothii</strong></span> <span class='ocrx_word' id='word_1_98' title='bbox 1038 1628 1161 1713; x_wconf 86' lang='lat' dir='ltr'><strong>triplici</strong></span> <span class='ocrx_word' id='word_1_99' title='bbox 1173 1651 1252 1695; x_wconf 60' lang='lat' dir='ltr'><strong>‘cura</strong></span> <span class='ocrx_word' id='word_1_100' title='bbox 1264 1629 1346 1695; x_wconf 80' lang='lat' dir='ltr'><strong>Plau·</strong></span> 
     </span>
     <span class='ocr_line' id='line_1_14' title="bbox 213 1734 1347 1820; baseline -0.004 -20"><span class='ocrx_word' id='word_1_101' title='bbox 213 1737 283 1801; x_wconf 87' lang='lat' dir='ltr'><strong>tina</strong></span> <span class='ocrx_word' id='word_1_102' title='bbox 306 1735 496 1819; x_wconf 75' lang='lat' dir='ltr'><strong>explicatius</strong></span> <span class='ocrx_word' id='word_1_103' title='bbox 519 1735 585 1800; x_wconf 90' lang='lat' dir='ltr'><strong>iam</strong></span> <span class='ocrx_word' id='word_1_104' title='bbox 609 1737 688 1800; x_wconf 93' lang='lat' dir='ltr'><strong>olim</strong></span> <span class='ocrx_word' id='word_1_105' title='bbox 711 1734 850 1800; x_wconf 85' lang='lat' dir='ltr'><strong>iudicavi</strong></span> <span class='ocrx_word' id='word_1_106' title='bbox 869 1735 888 1800; x_wconf 96' lang='lat' dir='ltr'><strong>l.</strong></span> <span class='ocrx_word' id='word_1_107' title='bbox 908 1757 933 1800; x_wconf 88' lang='lat' dir='ltr'><strong>s.</strong></span> <span class='ocrx_word' id='word_1_108' title='bbox 953 1757 977 1799; x_wconf 91' lang='lat' dir='ltr'><strong>s.</strong></span> <span class='ocrx_word' id='word_1_109' title='bbox 997 1756 1027 1819; x_wconf 90' lang='lat' dir='ltr'><strong>p.</strong></span> <span class='ocrx_word' id='word_1_110' title='bbox 1047 1736 1112 1800; x_wconf 98' lang='grc'><strong>566</strong></span> <span class='ocrx_word' id='word_1_111' title='bbox 1133 1738 1190 1816; x_wconf 62' lang='grc' dir='ltr'><strong>[ε</strong></span> <span class='ocrx_word' id='word_1_112' title='bbox 1204 1737 1275 1816; x_wconf 74' lang='grc'><strong>1571</strong></span> <span class='ocrx_word' id='word_1_113' title='bbox 1284 1756 1347 1820; x_wconf 82' lang='lat' dir='ltr'><strong>sqq.</strong></span> 
     </span>
     <span class='ocr_line' id='line_1_15' title="bbox 215 1841 1348 1928; baseline 0.002 -22"><span class='ocrx_word' id='word_1_114' title='bbox 215 1844 386 1906; x_wconf 85' lang='lat' dir='ltr'><strong>Praeterea</strong></span> <span class='ocrx_word' id='word_1_115' title='bbox 405 1841 492 1906; x_wconf 86' lang='lat' dir='ltr'><strong>aliud</strong></span> <span class='ocrx_word' id='word_1_116' title='bbox 516 1847 567 1906; x_wconf 86' lang='lat' dir='ltr'><strong>est</strong></span> <span class='ocrx_word' id='word_1_117' title='bbox 589 1863 701 1927; x_wconf 82' lang='lat' dir='ltr'><strong>genus,</strong></span> <span class='ocrx_word' id='word_1_118' title='bbox 724 1842 758 1905; x_wconf 91' lang='lat' dir='ltr'><strong>in</strong></span> <span class='ocrx_word' id='word_1_119' title='bbox 777 1863 840 1927; x_wconf 90' lang='lat' dir='ltr'><strong>quo</strong></span> <span class='ocrx_word' id='word_1_120' title='bbox 864 1842 1059 1907; x_wconf 87' lang='lat' dir='ltr'><strong>temeritatis</strong></span> <span class='ocrx_word' id='word_1_121' title='bbox 1082 1845 1248 1927; x_wconf 75' lang='lat' dir='ltr'><strong>tamquam</strong></span> <span class='ocrx_word' id='word_1_122' title='bbox 1269 1842 1348 1928; x_wconf 80' lang='lat' dir='ltr'><strong>prin-</strong></span> 
     </span>
     <span class='ocr_line' id='line_1_16' title="bbox 144 1946 1343 2034; baseline -0.002 -20"><span class='ocrx_word' id='word_1_123' title='bbox 144 1975 199 2015; x_wconf 76' lang='grc'><strong>111</strong></span> <span class='ocrx_word' id='word_1_124' title='bbox 215 1949 358 2034; x_wconf 88' lang='lat' dir='ltr'><strong>cipatum</strong></span> <span class='ocrx_word' id='word_1_125' title='bbox 378 1949 523 2034; x_wconf 81' lang='lat' dir='ltr'><strong>Guyetus</strong></span> <span class='ocrx_word' id='word_1_126' title='bbox 543 1948 605 2013; x_wconf 88' lang='lat' dir='ltr'><strong>sibi</strong></span> <span class='ocrx_word' id='word_1_127' title='bbox 629 1952 759 2033; x_wconf 90' lang='lat' dir='ltr'><strong>praeter</strong></span> <span class='ocrx_word' id='word_1_128' title='bbox 778 1947 934 2013; x_wconf 90' lang='lat' dir='ltr'><strong>Bothium</strong></span> <span class='ocrx_word' id='word_1_129' title='bbox 957 1947 1110 2013; x_wconf 85' lang='lat' dir='ltr'><strong>vindicat.</strong></span> <span class='ocrx_word' id='word_1_130' title='bbox 1143 1946 1343 2025; x_wconf 69' lang='lat' dir='ltr'><strong>Quantumris</strong></span> 
     </span>
     <span class='ocr_line' id='line_1_17' title="bbox 214 2053 1349 2141; baseline 0.001 -20"><span class='ocrx_word' id='word_1_131' title='bbox 214 2057 301 2121; x_wconf 89' lang='lat' dir='ltr'><strong>enim</strong></span> <span class='ocrx_word' id='word_1_132' title='bbox 329 2056 565 2141; x_wconf 80' lang='lat' dir='ltr'><strong>glossematum</strong></span> <span class='ocrx_word' id='word_1_133' title='bbox 592 2056 626 2120; x_wconf 91' lang='lat' dir='ltr'><strong>in</strong></span> <span class='ocrx_word' id='word_1_134' title='bbox 654 2054 806 2120; x_wconf 81' lang='lat' dir='ltr'><strong>Plautina</strong></span> <span class='ocrx_word' id='word_1_135' title='bbox 833 2055 934 2121; x_wconf 86' lang='lat' dir='ltr'><strong>verba</strong></span> <span class='ocrx_word' id='word_1_136' title='bbox 960 2055 1129 2140; x_wconf 87' lang='lat' dir='ltr'><strong>irrepsisse</strong></span> <span class='ocrx_word' id='word_1_137' title='bbox 1158 2062 1277 2122; x_wconf 86' lang='lat' dir='ltr'><strong>certum</strong></span> <span class='ocrx_word' id='word_1_138' title='bbox 1297 2053 1349 2135; x_wconf 62' lang='lat' dir='ltr'><strong>sib</strong></span> 
     </span>
     <span class='ocr_line' id='line_1_18' title="bbox 213 2152 1349 2247; baseline 0.001 -19"><span class='ocrx_word' id='word_1_139' title='bbox 213 2167 325 2228; x_wconf 86' lang='lat' dir='ltr'><strong>tamen</strong></span> <span class='ocrx_word' id='word_1_140' title='bbox 348 2185 481 2247; x_wconf 87' lang='lat' dir='ltr'><strong>prorsus</strong></span> <span class='ocrx_word' id='word_1_141' title='bbox 505 2163 560 2227; x_wconf 90' lang='lat' dir='ltr'><strong>ille</strong></span> <span class='ocrx_word' id='word_1_142' title='bbox 583 2161 715 2227; x_wconf 91' lang='lat' dir='ltr'><strong>modum</strong></span> <span class='ocrx_word' id='word_1_143' title='bbox 738 2162 878 2229; x_wconf 83' lang='lat' dir='ltr'><strong>excessit</strong></span> <span class='ocrx_word' id='word_1_144' title='bbox 899 2161 1112 2228; x_wconf 86' lang='lat' dir='ltr'><strong>multitudine</strong></span> <span class='ocrx_word' id='word_1_145' title='bbox 1134 2185 1281 2229; x_wconf 80' lang='lat' dir='ltr'><strong>versuum</strong></span> <span class='ocrx_word' id='word_1_146' title='bbox 1294 2152 1349 2228; x_wconf 57' lang='lat' dir='ltr'><strong>aab¹</strong></span> 
     </span>
     <span class='ocr_line' id='line_1_19' title="bbox 214 2269 1289 2337; baseline 0.001 -3"><span class='ocrx_word' id='word_1_147' title='bbox 214 2270 282 2335; x_wconf 89' lang='lat' dir='ltr'><strong>sine</strong></span> <span class='ocrx_word' id='word_1_148' title='bbox 313 2270 379 2334; x_wconf 87' lang='lat' dir='ltr'><strong>ulla</strong></span> <span class='ocrx_word' id='word_1_149' title='bbox 408 2274 466 2335; x_wconf 89' lang='lat' dir='ltr'><strong>aut</strong></span> <span class='ocrx_word' id='word_1_150' title='bbox 495 2269 661 2334; x_wconf 86' lang='lat' dir='ltr'><strong>levissima</strong></span> <span class='ocrx_word' id='word_1_151' title='bbox 690 2269 729 2333; x_wconf 89' lang='lat' dir='ltr'><strong>de</strong></span> <span class='ocrx_word' id='word_1_152' title='bbox 757 2291 873 2335; x_wconf 81' lang='lat' dir='ltr'><strong>caussa</strong></span> <span class='ocrx_word' id='word_1_153' title='bbox 900 2292 920 2334; x_wconf 91' lang='lat' dir='ltr'><strong>a</strong></span> <span class='ocrx_word' id='word_1_154' title='bbox 947 2269 1065 2334; x_wconf 87' lang='lat' dir='ltr'><strong>Plauto</strong></span> <span class='ocrx_word' id='word_1_155' title='bbox 1094 2271 1289 2337; x_wconf 87' lang='lat' dir='ltr'><strong>abiudicator</strong></span> 
     </span>
     <span class='ocr_line' id='line_1_20' title="bbox 213 2376 1290 2457; baseline 0.002 -15"><span class='ocrx_word' id='word_1_156' title='bbox 213 2376 364 2457; x_wconf 73' lang='lat' dir='ltr'><strong>Qualium</strong></span> <span class='ocrx_word' id='word_1_157' title='bbox 395 2379 428 2442; x_wconf 90' lang='lat' dir='ltr'><strong>in</strong></span> <span class='ocrx_word' id='word_1_158' title='bbox 459 2400 523 2442; x_wconf 86' lang='lat' dir='ltr'><strong>uua</strong></span> <span class='ocrx_word' id='word_1_159' title='bbox 553 2376 742 2442; x_wconf 83' lang='lat' dir='ltr'><strong>Trinummo</strong></span> <span class='ocrx_word' id='word_1_160' title='bbox 776 2376 928 2441; x_wconf 87' lang='lat' dir='ltr'><strong>demirari</strong></span> <span class='ocrx_word' id='word_1_161' title='bbox 960 2376 1046 2441; x_wconf 89' lang='lat' dir='ltr'><strong>hunc</strong></span> <span class='ocrx_word' id='word_1_162' title='bbox 1073 2376 1290 2444; x_wconf 87' lang='lat' dir='ltr'><strong>numerumli</strong></span> 
     </span>
    </p>
   </div>
   <div class='ocr_carea' id='block_1_3' title="bbox 212 2480 1349 3640">
    <p class='ocr_par' dir='ltr' id='par_1_3' title="bbox 212 2480 1349 3640">
     <span class='ocr_line' id='line_1_21' title="bbox 214 2480 1349 2577; baseline 0.003 -30"><span class='ocrx_word' id='word_1_163' title='bbox 214 2507 242 2548; x_wconf 87' lang='lat' dir='ltr'><strong>v.</strong></span> <span class='ocrx_word' id='word_1_164' title='bbox 266 2486 317 2549; x_wconf 90' lang='grc'><strong>85.</strong></span> <span class='ocrx_word' id='word_1_165' title='bbox 341 2486 416 2550; x_wconf 90' lang='grc'><strong>220.</strong></span> <span class='ocrx_word' id='word_1_166' title='bbox 439 2486 514 2549; x_wconf 82' lang='grc'><strong>304.</strong></span> <span class='ocrx_word' id='word_1_167' title='bbox 538 2484 612 2548; x_wconf 84' lang='grc'><strong>397.</strong></span> <span class='ocrx_word' id='word_1_168' title='bbox 635 2484 710 2547; x_wconf 78' lang='grc'><strong>495.</strong></span> <span class='ocrx_word' id='word_1_169' title='bbox 733 2483 809 2548; x_wconf 87' lang='grc'><strong>496.</strong></span> <span class='ocrx_word' id='word_1_170' title='bbox 832 2483 907 2562; x_wconf 86' lang='grc'><strong>507.</strong></span> <span class='ocrx_word' id='word_1_171' title='bbox 931 2483 997 2548; x_wconf 92' lang='grc'><strong>675</strong></span> <span class='ocrx_word' id='word_1_172' title='bbox 1021 2483 1061 2547; x_wconf 85' lang='lat' dir='ltr'><strong>ad</strong></span> <span class='ocrx_word' id='word_1_173' title='bbox 1085 2484 1160 2550; x_wconf 89' lang='grc'><strong>677.</strong></span> <span class='ocrx_word' id='word_1_174' title='bbox 1184 2487 1257 2550; x_wconf 84' lang='grc'><strong>679.</strong></span> <span class='ocrx_word' id='word_1_175' title='bbox 1283 2480 1349 2577; x_wconf 62' lang='lat' dir='ltr'><strong>ldlu]</strong></span> 
     </span>
     <span class='ocr_line' id='line_1_22' title="bbox 215 2586 1349 2715; baseline 0.001 -60"><span class='ocrx_word' id='word_1_176' title='bbox 215 2593 287 2657; x_wconf 90' lang='grc'><strong>708.</strong></span> <span class='ocrx_word' id='word_1_177' title='bbox 317 2593 390 2656; x_wconf 91' lang='grc'><strong>766.</strong></span> <span class='ocrx_word' id='word_1_178' title='bbox 420 2592 493 2656; x_wconf 86' lang='grc'><strong>767.</strong></span> <span class='ocrx_word' id='word_1_179' title='bbox 523 2591 595 2655; x_wconf 93' lang='grc'><strong>770.</strong></span> <span class='ocrx_word' id='word_1_180' title='bbox 624 2591 698 2654; x_wconf 87' lang='grc'><strong>818.</strong></span> <span class='ocrx_word' id='word_1_181' title='bbox 727 2591 799 2655; x_wconf 85' lang='grc'><strong>824.</strong></span> <span class='ocrx_word' id='word_1_182' title='bbox 828 2591 901 2655; x_wconf 87' lang='grc'><strong>828.</strong></span> <span class='ocrx_word' id='word_1_183' title='bbox 929 2590 996 2655; x_wconf 86' lang='grc'><strong>830</strong></span> <span class='ocrx_word' id='word_1_184' title='bbox 1023 2614 1043 2656; x_wconf 90' lang='lat' dir='ltr'><strong>a</strong></span> <span class='ocrx_word' id='word_1_185' title='bbox 1071 2596 1203 2657; x_wconf 83' lang='lat' dir='ltr'><strong>tractare</strong></span> <span class='ocrx_word' id='word_1_186' title='bbox 1230 2596 1262 2656; x_wconf 92' lang='lat' dir='ltr'><strong>et</strong></span> <span class='ocrx_word' id='word_1_187' title='bbox 1280 2586 1349 2715; x_wconf 56' lang='lat' dir='ltr'><strong>bdlq</strong></span> 
     </span>
     <span class='ocr_line' id='line_1_23' title="bbox 213 2692 1349 2789; baseline -0.002 -26"><span class='ocrx_word' id='word_1_188' title='bbox 213 2700 287 2763; x_wconf 88' lang='grc'><strong>890.</strong></span> <span class='ocrx_word' id='word_1_189' title='bbox 315 2700 389 2763; x_wconf 87' lang='grc'><strong>957.</strong></span> <span class='ocrx_word' id='word_1_190' title='bbox 418 2699 493 2762; x_wconf 89' lang='grc'><strong>997.</strong></span> <span class='ocrx_word' id='word_1_191' title='bbox 526 2698 609 2762; x_wconf 74' lang='grc'><strong>1016</strong></span> <span class='ocrx_word' id='word_1_192' title='bbox 639 2697 678 2761; x_wconf 91' lang='lat' dir='ltr'><strong>ad</strong></span> <span class='ocrx_word' id='word_1_193' title='bbox 712 2697 803 2761; x_wconf 90' lang='grc'><strong>1049.</strong></span> <span class='ocrx_word' id='word_1_194' title='bbox 835 2697 928 2761; x_wconf 84' lang='grc'><strong>1054.</strong></span> <span class='ocrx_word' id='word_1_195' title='bbox 961 2699 1053 2764; x_wconf 91' lang='grc'><strong>1087.</strong></span> <span class='ocrx_word' id='word_1_196' title='bbox 1085 2701 1171 2764; x_wconf 88' lang='grc'><strong>1110</strong></span> <span class='ocrx_word' id='word_1_197' title='bbox 1199 2699 1238 2764; x_wconf 86' lang='lat' dir='ltr'><strong>ad</strong></span> <span class='ocrx_word' id='word_1_198' title='bbox 1265 2692 1349 2789; x_wconf 60' lang='lat' dir='ltr'><strong>lllt&#39;q</strong></span> 
     </span>
     <span class='ocr_line' id='line_1_24' title="bbox 217 2796 1349 2897; baseline 0.001 -27"><span class='ocrx_word' id='word_1_199' title='bbox 217 2808 300 2870; x_wconf 91' lang='grc'><strong>1115</strong></span> <span class='ocrx_word' id='word_1_200' title='bbox 324 2806 363 2870; x_wconf 87' lang='lat' dir='ltr'><strong>ad</strong></span> <span class='ocrx_word' id='word_1_201' title='bbox 387 2806 479 2869; x_wconf 90' lang='grc'><strong>1119.</strong></span> <span class='ocrx_word' id='word_1_202' title='bbox 518 2805 643 2889; x_wconf 82' lang='lat' dir='ltr'><strong>Quippe</strong></span> <span class='ocrx_word' id='word_1_203' title='bbox 663 2803 855 2887; x_wconf 86' lang='lat' dir='ltr'><strong>ubicumque</strong></span> <span class='ocrx_word' id='word_1_204' title='bbox 874 2804 906 2868; x_wconf 90' lang='lat' dir='ltr'><strong>in</strong></span> <span class='ocrx_word' id='word_1_205' title='bbox 932 2805 1069 2889; x_wconf 83' lang='lat' dir='ltr'><strong>singulis</strong></span> <span class='ocrx_word' id='word_1_206' title='bbox 1093 2807 1201 2872; x_wconf 85' lang='lat' dir='ltr'><strong>verbis</strong></span> <span class='ocrx_word' id='word_1_207' title='bbox 1224 2796 1349 2897; x_wconf 60' lang='lat' dir='ltr'><strong>offeodsfi</strong></span> 
     </span>
     <span class='ocr_line' id='line_1_25' title="bbox 212 2910 1349 2997; baseline 0.001 -21"><span class='ocrx_word' id='word_1_208' title='bbox 212 2917 262 2976; x_wconf 86' lang='lat' dir='ltr'><strong>ret</strong></span> <span class='ocrx_word' id='word_1_209' title='bbox 270 2964 279 2997; x_wconf 86' lang='lat'><em>,</em></span> <span class='ocrx_word' id='word_1_210' title='bbox 311 2912 396 2996; x_wconf 92' lang='lat' dir='ltr'><strong>quod</strong></span> <span class='ocrx_word' id='word_1_211' title='bbox 429 2912 538 2994; x_wconf 81' lang='lat' dir='ltr'><strong>aliqua</strong></span> <span class='ocrx_word' id='word_1_212' title='bbox 570 2910 760 2974; x_wconf 82' lang='lat' dir='ltr'><strong>difficultate</strong></span> <span class='ocrx_word' id='word_1_213' title='bbox 793 2911 845 2974; x_wconf 85' lang='lat' dir='ltr'><strong>vel</strong></span> <span class='ocrx_word' id='word_1_214' title='bbox 878 2910 1076 2977; x_wconf 83' lang='lat' dir='ltr'><strong>obscuritate</strong></span> <span class='ocrx_word' id='word_1_215' title='bbox 1109 2912 1260 2979; x_wconf 84' lang='lat' dir='ltr'><strong>laborans</strong></span> <span class='ocrx_word' id='word_1_216' title='bbox 1286 2918 1349 2985; x_wconf 61' lang='lat' dir='ltr'><strong>ott}</strong></span> 
     </span>
     <span class='ocr_line' id='line_1_26' title="bbox 213 3016 1340 3107; baseline 0.004 -26"><span class='ocrx_word' id='word_1_217' title='bbox 213 3024 325 3102; x_wconf 87' lang='lat' dir='ltr'><strong>posset</strong></span> <span class='ocrx_word' id='word_1_218' title='bbox 348 3022 417 3082; x_wconf 83' lang='lat' dir='ltr'><strong>erte</strong></span> <span class='ocrx_word' id='word_1_219' title='bbox 442 3021 474 3081; x_wconf 90' lang='lat' dir='ltr'><strong>et</strong></span> <span class='ocrx_word' id='word_1_220' title='bbox 497 3017 622 3082; x_wconf 85' lang='lat' dir='ltr'><strong>ratione</strong></span> <span class='ocrx_word' id='word_1_221' title='bbox 643 3016 800 3100; x_wconf 82' lang='lat' dir='ltr'><strong>expedire,</strong></span> <span class='ocrx_word' id='word_1_222' title='bbox 824 3016 856 3080; x_wconf 91' lang='lat' dir='ltr'><strong>id</strong></span> <span class='ocrx_word' id='word_1_223' title='bbox 875 3019 1075 3084; x_wconf 88' lang='lat' dir='ltr'><strong>tutissimum</strong></span> <span class='ocrx_word' id='word_1_224' title='bbox 1095 3024 1184 3085; x_wconf 87' lang='lat' dir='ltr'><strong>ratus</strong></span> <span class='ocrx_word' id='word_1_225' title='bbox 1206 3043 1266 3085; x_wconf 90' lang='lat' dir='ltr'><strong>una</strong></span> <span class='ocrx_word' id='word_1_226' title='bbox 1280 3034 1340 3107; x_wconf 58' lang='lat' dir='ltr'><strong>eu}</strong></span> 
     </span>
     <span class='ocr_line' id='line_1_27' title="bbox 213 3121 1342 3208; baseline 0.009 -21"><span class='ocrx_word' id='word_1_227' title='bbox 213 3125 300 3189; x_wconf 84' lang='lat' dir='ltr'><strong>sanis</strong></span> <span class='ocrx_word' id='word_1_228' title='bbox 333 3129 365 3188; x_wconf 89' lang='lat' dir='ltr'><strong>et</strong></span> <span class='ocrx_word' id='word_1_229' title='bbox 397 3123 501 3208; x_wconf 88' lang='lat' dir='ltr'><strong>planis</strong></span> <span class='ocrx_word' id='word_1_230' title='bbox 534 3123 688 3189; x_wconf 89' lang='lat' dir='ltr'><strong>radicitus</strong></span> <span class='ocrx_word' id='word_1_231' title='bbox 721 3125 893 3207; x_wconf 84' lang='lat' dir='ltr'><strong>exstirpari</strong></span> <span class='ocrx_word' id='word_1_232' title='bbox 926 3126 1042 3191; x_wconf 91' lang='lat' dir='ltr'><strong>similis</strong></span> <span class='ocrx_word' id='word_1_233' title='bbox 1075 3127 1192 3193; x_wconf 89' lang='lat' dir='ltr'><strong>medici</strong></span> <span class='ocrx_word' id='word_1_234' title='bbox 1224 3121 1342 3197; x_wconf 74' lang='lat' dir='ltr'><strong>exstitit</strong></span> 
     </span>
     <span class='ocr_line' id='line_1_28' title="bbox 213 3230 1335 3319; baseline -0.001 -25"><span class='ocrx_word' id='word_1_235' title='bbox 213 3232 268 3315; x_wconf 86' lang='lat' dir='ltr'><strong>qui</strong></span> <span class='ocrx_word' id='word_1_236' title='bbox 293 3235 328 3294; x_wconf 86' lang='grc'><strong>111</strong></span> <span class='ocrx_word' id='word_1_237' title='bbox 352 3231 497 3295; x_wconf 85' lang='lat' dir='ltr'><strong>dentium</strong></span> <span class='ocrx_word' id='word_1_238' title='bbox 523 3231 778 3314; x_wconf 85' lang='lat' dir='ltr'><strong>aegrotationem</strong></span> <span class='ocrx_word' id='word_1_239' title='bbox 804 3230 909 3314; x_wconf 85' lang='lat' dir='ltr'><strong>tollat,</strong></span> <span class='ocrx_word' id='word_1_240' title='bbox 932 3236 1039 3297; x_wconf 84' lang='lat' dir='ltr'><strong>totum</strong></span> <span class='ocrx_word' id='word_1_241' title='bbox 1063 3240 1162 3318; x_wconf 86' lang='lat' dir='ltr'><strong>eaput</strong></span> <span class='ocrx_word' id='word_1_242' title='bbox 1184 3230 1335 3319; x_wconf 76' lang='lat' dir='ltr'><strong>praecidat</strong></span> 
     </span>
     <span class='ocr_line' id='line_1_29' title="bbox 212 3337 1344 3426; baseline -0.003 -23"><span class='ocrx_word' id='word_1_243' title='bbox 212 3338 362 3403; x_wconf 84' lang='lat' dir='ltr'><strong>Ceterum</strong></span> <span class='ocrx_word' id='word_1_244' title='bbox 391 3338 510 3422; x_wconf 85' lang='lat' dir='ltr'><strong>Guyeti</strong></span> <span class='ocrx_word' id='word_1_245' title='bbox 539 3337 682 3402; x_wconf 85' lang='lat' dir='ltr'><strong>recensio</strong></span> <span class='ocrx_word' id='word_1_246' title='bbox 713 3338 822 3403; x_wconf 85' lang='lat' dir='ltr'><strong>iuncta</strong></span> <span class='ocrx_word' id='word_1_247' title='bbox 849 3342 899 3402; x_wconf 88' lang='lat' dir='ltr'><strong>est</strong></span> <span class='ocrx_word' id='word_1_248' title='bbox 926 3338 1190 3422; x_wconf 84' lang='lat' dir='ltr'><strong>interpretationi</strong></span> <span class='ocrx_word' id='word_1_249' title='bbox 1222 3337 1344 3426; x_wconf 67' lang='lat' dir='ltr'><strong>gallica·</strong></span> 
     </span>
     <span class='ocr_line' id='line_1_30' title="bbox 212 3445 1340 3538; baseline 0.003 -29"><span class='ocrx_word' id='word_1_250' title='bbox 212 3445 378 3510; x_wconf 90' lang='lat' dir='ltr'><strong>Michaelis</strong></span> <span class='ocrx_word' id='word_1_251' title='bbox 411 3447 449 3509; x_wconf 91' lang='lat' dir='ltr'><strong>de</strong></span> <span class='ocrx_word' id='word_1_252' title='bbox 477 3445 630 3510; x_wconf 89' lang='lat' dir='ltr'><strong>Marolles</strong></span> <span class='ocrx_word' id='word_1_253' title='bbox 664 3445 791 3510; x_wconf 89' lang='lat' dir='ltr'><strong>abbatis</strong></span> <span class='ocrx_word' id='word_1_254' title='bbox 822 3447 860 3510; x_wconf 93' lang='lat' dir='ltr'><strong>de</strong></span> <span class='ocrx_word' id='word_1_255' title='bbox 888 3445 1055 3529; x_wconf 86' lang='lat' dir='ltr'><strong>Villeloiu,</strong></span> <span class='ocrx_word' id='word_1_256' title='bbox 1088 3470 1171 3532; x_wconf 88' lang='lat' dir='ltr'><strong>quae</strong></span> <span class='ocrx_word' id='word_1_257' title='bbox 1191 3450 1340 3538; x_wconf 36' lang='lat' dir='ltr'><strong>,quatuor</strong></span> 
     </span>
     <span class='ocr_line' id='line_1_31' title="bbox 214 3550 1338 3640; baseline 0.001 -25"><span class='ocrx_word' id='word_1_258' title='bbox 214 3552 430 3617; x_wconf 89' lang='lat' dir='ltr'><strong>voluminibus</strong></span> <span class='ocrx_word' id='word_1_259' title='bbox 450 3551 569 3635; x_wconf 86' lang='lat' dir='ltr'><strong>prodiit</strong></span> <span class='ocrx_word' id='word_1_260' title='bbox 587 3552 719 3617; x_wconf 88' lang='lat' dir='ltr'><strong>Parisiis</strong></span> <span class='ocrx_word' id='word_1_261' title='bbox 739 3576 766 3616; x_wconf 90' lang='lat' dir='ltr'><strong>a.</strong></span> <span class='ocrx_word' id='word_1_262' title='bbox 785 3570 998 3619; x_wconf 72' lang='lat' dir='ltr'><strong>elelocuvm.</strong></span> <span class='ocrx_word' id='word_1_263' title='bbox 1034 3553 1181 3640; x_wconf 89' lang='lat' dir='ltr'><strong>Denique</strong></span> <span class='ocrx_word' id='word_1_264' title='bbox 1205 3559 1277 3640; x_wconf 81' lang='lat' dir='ltr'><strong>post</strong></span> <span class='ocrx_word' id='word_1_265' title='bbox 1290 3550 1338 3616; x_wconf 82' lang='grc'><strong>81·</strong></span> 
     </span>
    </p>
   </div>
   <div class='ocr_carea' id='block_1_4' title="bbox 212 3648 1349 4067">
    <p class='ocr_par' dir='ltr' id='par_1_4' title="bbox 212 3648 1349 4067">
     <span class='ocr_line' id='line_1_32' title="bbox 213 3648 1336 3745; baseline 0.004 -22"><span class='ocrx_word' id='word_1_266' title='bbox 213 3659 316 3723; x_wconf 87' lang='lat' dir='ltr'><strong>thium</strong></span> <span class='ocrx_word' id='word_1_267' title='bbox 337 3680 419 3742; x_wconf 89' lang='lat' dir='ltr'><strong>quae</strong></span> <span class='ocrx_word' id='word_1_268' title='bbox 443 3658 555 3721; x_wconf 87' lang='lat' dir='ltr'><strong>edendi</strong></span> <span class='ocrx_word' id='word_1_269' title='bbox 574 3658 682 3723; x_wconf 84' lang='lat' dir='ltr'><strong>Plauti</strong></span> <span class='ocrx_word' id='word_1_270' title='bbox 702 3659 921 3744; x_wconf 84' lang='lat' dir='ltr'><strong>experimenta</strong></span> <span class='ocrx_word' id='word_1_271' title='bbox 939 3660 1009 3724; x_wconf 84' lang='lat' dir='ltr'><strong>fieri</strong></span> <span class='ocrx_word' id='word_1_272' title='bbox 1027 3659 1178 3745; x_wconf 84' lang='lat' dir='ltr'><strong>vidimus,</strong></span> <span class='ocrx_word' id='word_1_273' title='bbox 1201 3648 1336 3727; x_wconf 68' lang='grc' dir='ltr'><strong>1111111111ι</strong></span> 
     </span>
     <span class='ocr_line' id='line_1_33' title="bbox 212 3757 1336 3853; baseline 0.005 -24"><span class='ocrx_word' id='word_1_274' title='bbox 212 3770 267 3830; x_wconf 81' lang='lat' dir='ltr'><strong>aut</strong></span> <span class='ocrx_word' id='word_1_275' title='bbox 300 3788 415 3849; x_wconf 87' lang='lat' dir='ltr'><strong>parum</strong></span> <span class='ocrx_word' id='word_1_276' title='bbox 446 3765 497 3828; x_wconf 88' lang='lat' dir='ltr'><strong>vel</strong></span> <span class='ocrx_word' id='word_1_277' title='bbox 528 3771 641 3850; x_wconf 84' lang='lat' dir='ltr'><strong>poetae</strong></span> <span class='ocrx_word' id='word_1_278' title='bbox 676 3767 726 3831; x_wconf 90' lang='lat' dir='ltr'><strong>vel</strong></span> <span class='ocrx_word' id='word_1_279' title='bbox 758 3766 877 3832; x_wconf 88' lang='lat' dir='ltr'><strong>litteris</strong></span> <span class='ocrx_word' id='word_1_280' title='bbox 907 3767 1028 3833; x_wconf 85' lang='lat' dir='ltr'><strong>nostris</strong></span> <span class='ocrx_word' id='word_1_281' title='bbox 1061 3769 1261 3853; x_wconf 86' lang='lat' dir='ltr'><strong>profuerunt.</strong></span> <span class='ocrx_word' id='word_1_282' title='bbox 1299 3757 1336 3828; x_wconf 65' lang='grc' dir='ltr'><strong>Εἴ</strong></span> 
     </span>
     <span class='ocr_line' id='line_1_34' title="bbox 213 3868 1341 3961; baseline 0.003 -25"><span class='ocrx_word' id='word_1_283' title='bbox 213 3873 390 3937; x_wconf 82' lang='lat' dir='ltr'><strong>llcrmeuni</strong></span> <span class='ocrx_word' id='word_1_284' title='bbox 410 3871 584 3957; x_wconf 85' lang='lat' dir='ltr'><strong>Bothiique</strong></span> <span class='ocrx_word' id='word_1_285' title='bbox 603 3875 749 3958; x_wconf 86' lang='lat' dir='ltr'><strong>exemplo</strong></span> <span class='ocrx_word' id='word_1_286' title='bbox 769 3874 937 3939; x_wconf 88' lang='lat' dir='ltr'><strong>Goellerus</strong></span> <span class='ocrx_word' id='word_1_287' title='bbox 956 3897 1057 3960; x_wconf 88' lang='lat' dir='ltr'><strong>prope</strong></span> <span class='ocrx_word' id='word_1_288' title='bbox 1080 3880 1171 3942; x_wconf 89' lang='lat' dir='ltr'><strong>totus</strong></span> <span class='ocrx_word' id='word_1_289' title='bbox 1196 3868 1341 3961; x_wconf 72' lang='lat' dir='ltr'><strong>pependit</strong></span> 
     </span>
     <span class='ocr_line' id='line_1_35' title="bbox 213 3974 1349 4067; baseline 0.004 -23"><span class='ocrx_word' id='word_1_290' title='bbox 213 3980 260 4045; x_wconf 90' lang='lat' dir='ltr'><strong>De</strong></span> <span class='ocrx_word' id='word_1_291' title='bbox 275 3980 494 4045; x_wconf 86' lang='lat' dir='ltr'><strong>Lindemanno</strong></span> <span class='ocrx_word' id='word_1_292' title='bbox 510 3986 617 4045; x_wconf 81' lang='lat' dir='ltr'><strong>autem</strong></span> <span class='ocrx_word' id='word_1_293' title='bbox 637 3982 741 4046; x_wconf 87' lang='lat' dir='ltr'><strong>lenius</strong></span> <span class='ocrx_word' id='word_1_294' title='bbox 762 3981 933 4066; x_wconf 79' lang='lat' dir='ltr'><strong>iudicandi,</strong></span> <span class='ocrx_word' id='word_1_295' title='bbox 956 4005 1053 4067; x_wconf 90' lang='lat' dir='ltr'><strong>quam</strong></span> <span class='ocrx_word' id='word_1_296' title='bbox 1072 3983 1152 4048; x_wconf 94' lang='lat' dir='ltr'><strong>olim</strong></span> <span class='ocrx_word' id='word_1_297' title='bbox 1168 3984 1303 4051; x_wconf 86' lang='lat' dir='ltr'><strong>iudicavi</strong></span> <span class='ocrx_word' id='word_1_298' title='bbox 1317 3974 1349 4039; x_wconf 62' lang='lat'><strong>&#39;1⁹</strong></span> 
     </span>
    </p>
   </div>
   <div class='ocr_carea' id='block_1_5' title="bbox 212 4086 1349 4284">
    <p class='ocr_par' dir='ltr' id='par_1_5' title="bbox 212 4086 1349 4284">
     <span class='ocr_line' id='line_1_36' title="bbox 212 4086 1349 4177; baseline 0.003 -27"><span class='ocrx_word' id='word_1_299' title='bbox 212 4086 334 4151; x_wconf 88' lang='lat' dir='ltr'><strong>Diariis</strong></span> <span class='ocrx_word' id='word_1_300' title='bbox 358 4087 422 4150; x_wconf 86' lang='lat' dir='ltr'><strong>litt.</strong></span> <span class='ocrx_word' id='word_1_301' title='bbox 446 4087 640 4154; x_wconf 87' lang='lat' dir='ltr'><strong>Halensibus</strong></span> <span class='ocrx_word' id='word_1_302' title='bbox 659 4112 686 4153; x_wconf 88' lang='lat' dir='ltr'><strong>a.</strong></span> <span class='ocrx_word' id='word_1_303' title='bbox 707 4106 974 4155; x_wconf 77' lang='lat' dir='ltr'><strong>clomcccxxxw</strong></span> <span class='ocrx_word' id='word_1_304' title='bbox 995 4111 1036 4153; x_wconf 93' lang='lat' dir='ltr'><strong>m.</strong></span> <span class='ocrx_word' id='word_1_305' title='bbox 1055 4089 1140 4176; x_wconf 81' lang='lat' dir='ltr'><strong>Aug.</strong></span> <span class='ocrx_word' id='word_1_306' title='bbox 1164 4114 1196 4175; x_wconf 91' lang='lat' dir='ltr'><strong>p.</strong></span> <span class='ocrx_word' id='word_1_307' title='bbox 1210 4093 1349 4177; x_wconf 57' lang='lat' dir='ltr'><strong>essequa.</strong></span> 
     </span>
     <span class='ocr_line' id='line_1_37' title="bbox 212 4193 1349 4284; baseline 0.006 -28"><span class='ocrx_word' id='word_1_308' title='bbox 212 4215 341 4257; x_wconf 83' lang='lat' dir='ltr'><strong>causam</strong></span> <span class='ocrx_word' id='word_1_309' title='bbox 361 4216 427 4258; x_wconf 92' lang='lat' dir='ltr'><strong>non</strong></span> <span class='ocrx_word' id='word_1_310' title='bbox 447 4194 601 4280; x_wconf 82' lang='lat' dir='ltr'><strong>iuveni.*)</strong></span> <span class='ocrx_word' id='word_1_311' title='bbox 639 4193 713 4259; x_wconf 88' lang='lat' dir='ltr'><strong>Nou</strong></span> <span class='ocrx_word' id='word_1_312' title='bbox 733 4219 805 4259; x_wconf 87' lang='lat' dir='ltr'><strong>mea</strong></span> <span class='ocrx_word' id='word_1_313' title='bbox 823 4196 918 4280; x_wconf 85' lang='lat' dir='ltr'><strong>culpa</strong></span> <span class='ocrx_word' id='word_1_314' title='bbox 937 4196 1058 4262; x_wconf 86' lang='lat' dir='ltr'><strong>factum</strong></span> <span class='ocrx_word' id='word_1_315' title='bbox 1082 4202 1142 4281; x_wconf 85' lang='lat' dir='ltr'><strong>est,</strong></span> <span class='ocrx_word' id='word_1_316' title='bbox 1167 4199 1254 4284; x_wconf 91' lang='lat' dir='ltr'><strong>quod</strong></span> <span class='ocrx_word' id='word_1_317' title='bbox 1272 4197 1349 4264; x_wconf 85' lang='lat' dir='ltr'><strong>illiu¹</strong></span> 
     </span>
    </p>
   </div>
   <div class='ocr_carea' id='block_1_6' title="bbox 303 4421 1347 4502">
    <p class='ocr_par' dir='ltr' id='par_1_6' title="bbox 303 4421 1347 4502">
     <span class='ocr_line' id='line_1_38' title="bbox 303 4421 1347 4502; baseline 0.013 -29"><span class='ocrx_word' id='word_1_318' title='bbox 303 4421 328 4490; x_wconf 88' lang='grc'><strong>*)</strong></span> <span class='ocrx_word' id='word_1_319' title='bbox 349 4421 438 4493; x_wconf 88' lang='lat' dir='ltr'><strong>[Haec</strong></span> <span class='ocrx_word' id='word_1_320' title='bbox 458 4439 575 4478; x_wconf 89' lang='lat' dir='ltr'><strong>censura</strong></span> <span class='ocrx_word' id='word_1_321' title='bbox 598 4442 660 4479; x_wconf 92' lang='lat' dir='ltr'><strong>cum</strong></span> <span class='ocrx_word' id='word_1_322' title='bbox 680 4441 731 4478; x_wconf 90' lang='lat' dir='ltr'><strong>nec</strong></span> <span class='ocrx_word' id='word_1_323' title='bbox 755 4425 857 4478; x_wconf 84' lang='lat' dir='ltr'><strong>iterata</strong></span> <span class='ocrx_word' id='word_1_324' title='bbox 875 4440 925 4480; x_wconf 86' lang='lat' dir='ltr'><strong>nec</strong></span> <span class='ocrx_word' id='word_1_325' title='bbox 948 4424 1079 4481; x_wconf 83' lang='lat' dir='ltr'><strong>iteranda</strong></span> <span class='ocrx_word' id='word_1_326' title='bbox 1096 4426 1183 4501; x_wconf 63' lang='lat' dir='ltr'><strong>sitJin</strong></span> <span class='ocrx_word' id='word_1_327' title='bbox 1201 4430 1347 4502; x_wconf 73' lang='lat' dir='ltr'><strong>opusculi·</strong></span> 
     </span>
    </p>
   </div>
   <div class='ocr_carea' id='block_1_7' title="bbox 0 0 1448 5032">
    <p class='ocr_par' dir='ltr' id='par_1_7' title="bbox 0 0 1448 5032">
     <span class='ocr_line' id='line_1_39' title="bbox 0 0 1448 5032; baseline 0 0"><span class='ocrx_word' id='word_1_328' title='bbox 0 0 1448 5032; x_wconf 95' lang='lat' dir='ltr'><strong> </strong></span> 
     </span>
    </p>
   </div>
  </div>
 </body>
</html>
