2836 5034
192 313 257 379 658
569 323 803 373 aaramrsona
826 322 959 371 asnar.

192 475 230 537 ut
252 493 335 556 quae
358 469 438 534 olim
466 469 573 553 palam
597 471 631 532 et
652 469 763 551 aperte
791 469 967 552 agerentur
994 486 1104 530 coram
1128 467 1230 551 popule
1245 469 1286 532 ui·

193 599 303 662 verso,
339 576 452 641 eadem
486 575 584 640 hodie
613 574 696 640 clam
727 574 810 639 fiant
838 573 891 638 vel
921 593 1055 637 caussas
1084 575 1166 638 certe
1193 572 1289 640 babeant

193 688 263 750 tum
286 705 345 768 per
369 704 404 747 se
428 683 583 748 obscuras
605 685 676 746 tum
705 679 852 746 consulto
881 679 1091 763 obscuratas,
1116 701 1154 744 er
1178 702 1231 766 quo
1250 681 1290 766 qui·

194 792 268 857 dem
291 789 468 854 salutarius
491 788 598 852 visum
621 791 672 853 est
695 787 803 852 divino
827 785 970 869 numini,
993 785 1065 872 regi
1085 787 1215 872 populos
1231 809 1292 872 qun

195 901 299 962 semet
328 897 416 980 ipsos
447 915 559 979 regere
590 894 692 979 deque
722 893 827 959 salute
858 914 918 958 sua
947 893 1226 980 communibusque
1247 895 1293 959 ciri

195 1005 274 1069 tatis
297 1001 477 1069 commodis
506 1006 539 1066 et
566 1001 716 1066 universo
744 1002 813 1066 iure
840 999 975 1085 publico
1004 1004 1039 1065 et
1061 1001 1220 1067 consulere
1240 1002 1294 1087 ipsa

196 1114 230 1175 et
259 1109 436 1174 decernere.
481 1108 542 1172 Ille
575 1111 685 1174 autem
718 1107 811 1173 dolor
841 1129 915 1173 cnm
947 1107 1165 1174 nobilissimis
1192 1107 1295 1192 Europa

195 1216 362 1301 gentibus,
398 1214 566 1279 Britannis
599 1213 901 1300 Francogallisque,
938 1217 976 1279 ut
1006 1215 1041 1279 in
1073 1213 1127 1279 bis
1159 1215 1296 1295 subsistes,

196 1341 316 1405 magna
346 1343 385 1386 ex
415 1325 509 1406 parte
539 1320 663 1405 pridem
693 1321 872 1386 exstinctus
902 1321 959 1404 sit,
992 1320 1059 1386 iam
1091 1322 1186 1387 nobis
1213 1338 1296 1407 quoqa

196 1428 291 1492 leniri
327 1431 460 1512 coeptus
496 1431 546 1493 est
579 1428 746 1512 praeclaro
784 1444 909 1494 ol’rlrn
941 1434 1044 1494 rums
1079 1426 1238 1512 benefida,
1262 1446 1297 1511 qn

196 1538 356 1619 quantum
385 1537 418 1599 et
444 1533 483 1598 de
511 1534 708 1618 reipublicae
739 1533 844 1600 salute
874 1534 957 1598 bene
987 1533 1145 1599 meruerit
1171 1538 1202 1598 et
1225 1538 1297 1620 gralo

197 1640 316 1705 civium
344 1639 469 1704 animos
498 1638 562 1704 sibi
591 1640 784 1727 devinxerit,
812 1640 976 1707 luculento
1004 1643 1078 1705 tota
1105 1638 1297 1706 Borusaiele

197 1750 348 1812 cemento
372 1750 430 1830 est,
453 1747 664 1813 consiliorum
688 1747 936 1833 provincialium
958 1745 1240 1813 deliberationibus
1257 1764 1298 1811 cm

196 1853 357 1918 universis
388 1853 512 1920 civibus
542 1854 722 1920 liberaliter
751 1854 997 1920 communicatis
1031 1876 1097 1919 uno
1131 1877 1185 1920 ore
1214 1854 1298 1919 lae·

197 1961 295 2045 atque
318 1960 492 2026 exsultans.
539 1959 621 2027 (lum
649 1961 768 2047 quibus
790 1966 829 2027 ut
851 1960 1041 2026 minusculis
1070 1981 1191 2046 magna
1211 1979 1298 2043 compe

197 2088 282 2151 nam,
305 2068 333 2132 si
356 2066 558 2134 celeberrimi
580 2070 667 2156 illins
690 2069 874 2154 principum
895 2072 1082 2150 conventus,
1105 2068 1161 2152 qui
1179 2064 1255 2132 Vind

79 2220 83 2228 .
196 2195 257 2238 nae
285 2172 360 2258 fuit,
389 2177 643 2242 consultationes
672 2176 926 2261 comparaveris,
953 2174 1101 2260 quamvis
1130 2175 1231 2239 multa

197 2283 274 2363 post
295 2280 437 2366 triginta
459 2304 618 2349 annornm
640 2283 847 2348 intervallum
870 2281 1092 2368 perrepserint
1120 2280 1224 2368 magis
1242 2302 1257 2364 q

197 2386 381 2450 emanarint
408 2388 443 2451 in
472 2388 602 2474 vulgus,
630 2392 740 2454 tamen
764 2390 792 2453 si
815 2388 855 2455 de
877 2389 1017 2476 singulis
1044 2389 1180 2474 legatis,
1206 2408 1258 2473 quo

196 2497 230 2557 et
262 2493 401 2577 ingeniis
435 2497 469 2558 et
502 2495 628 2560 artibus
661 2517 787 2561 summa
815 2517 923 2560 rerum
954 2494 1213 2580 transigebatur,
1238 2492 1260 2556 si

196 2600 268 2683 ipso
293 2599 547 2685 anssononlo,
576 2602 666 2667 euius
692 2602 904 2686 gravissimas
929 2602 962 2666 in
986 2602 1045 2666 illo
1069 2624 1178 2666 rerum
1201 2598 1299 2666 omniu

197 2706 384 2771 discrimine
407 2711 518 2789 partes
542 2707 642 2771 fuisse
667 2712 700 2771 et
719 2708 918 2791 singularem
938 2708 1169 2772 auctoritatem
1188 2706 1300 2781 nerine,

196 2813 272 2896 quid
296 2813 427 2877 tandem
451 2814 568 2897 quibus
593 2814 655 2877 viis
680 2837 717 2879 ac
741 2815 843 2899 copiis
867 2815 1101 2898 praestiterint,
1126 2809 1298 2899 quaenam

195 2920 306 2982 tenuia
329 2918 469 3003 vestigia
493 2919 650 3003 quaedam
673 2925 804 3004 praesto
829 2926 919 3004 sunt,
943 2921 1101 3004 equibus
1126 2922 1239 2985 incerta
1256 2934 1298 2981 eor

195 3026 319 3090 iectura
342 3026 400 3089 fiat
424 3029 457 3089 et
480 3027 601 3090 notitia
618 3027 728 3110 potius
748 3027 905 3111 quaedam
923 3032 1077 3091 nascatur
1094 3049 1191 3112 quam
1208 3019 1297 3090 sciente

135 3132 374 3196 vnhauriatur.
419 3130 489 3196 Nec
518 3134 657 3197 certiora
684 3133 851 3197 fatendum
880 3137 931 3197 est
958 3134 998 3198 de
1026 3134 1068 3197 iis
1097 3129 1296 3217 percrebruitt

195 3260 277 3321 quae
309 3238 443 3302 Parisiis
477 3238 546 3320 ille,
579 3261 661 3323 quae
690 3237 895 3323 castillione,
928 3263 1009 3324 quae
1038 3240 1178 3324 Romae,
1207 3240 1294 3318 Paga

194 3343 408 3427 Francofurti,
423 3344 562 3409 Londini
577 3347 653 3431 egit.
687 3346 826 3410 Tantum
841 3346 905 3410 hue
919 3369 1056 3431 quoque,
1070 3352 1107 3412 nt
1123 3339 1292 3430 exemplaris

194 3451 275 3514 tutis
299 3451 458 3534 prodeant
481 3453 606 3517 civibus
630 3453 788 3516 universis
807 3452 996 3517 admiranda
1015 3459 1050 3518 et
1069 3455 1229 3535 imitanda,
1247 3436 1290 3514 ild

193 3557 289 3639 valet,
308 3557 391 3641 quod
412 3557 507 3623 hodie
527 3560 567 3623 ab
591 3559 892 3643 intellegentissimo
911 3581 1038 3643 quoque
1053 3560 1288 3625 vehementem

194 3664 297 3726 solum
322 3665 470 3747 exoptari
495 3665 735 3750 desiderarique
754 3687 865 3729 verum
885 3666 983 3728 etiam
1004 3667 1131 3748 sperari
1151 3650 1287 3746 exspect!l

193 3790 254 3851 quc
279 3771 431 3855 videmus,
457 3777 554 3835 utne
579 3773 742 3856 publicam
766 3772 870 3835 lucem
889 3770 1018 3854 fugiant
1037 3794 1120 3856 quae
1140 3769 1285 3856 publicam

193 3897 299 3940 rerum
323 3899 440 3943 nomen
465 3882 497 3941 et
520 3901 615 3942 omen
638 3879 775 3960 liabent,
797 3899 878 3941 neve
902 3877 940 3959 ei,
963 3878 1019 3961 qui
1042 3900 1151 3942 rerum
1175 3880 1283 3961 gesur·
1324 3948 1326 3953 ¹

192 4006 322 4047 caussas
346 3986 528 4068 perspicere
553 3986 644 4068 velit,
674 3985 856 4068 principum
886 3987 1011 4047 secreta
1033 3984 1144 4067 potius
1167 3968 1281 4048 divinet
1316 4030 1326 4061 ,-

191 4091 433 4173 interpretanda
464 4092 543 4174 sint,
573 4114 670 4175 (paam
701 4095 814 4173 aperta
846 4090 1043 4175 populorum
1075 4077 1279 4157 testimoniet

190 4197 319 4259 tuenda.
369 4196 645 4263 Humboldtianae
684 4203 793 4262 autem
827 4197 961 4279 indolis,
999 4198 1104 4281 qualis
1137 4200 1169 4262 in
1199 4178 1277 4261 adulf*

190 4304 323 4366 stranda
351 4305 516 4386 republica
544 4306 692 4388 eminuit,
722 4308 850 4369 tantum
880 4305 973 4368 abest
1000 4307 1036 4367 ut
1066 4305 1172 4389 imago
1200 4295 1279 4366 iamin

189 4410 347 4491 quaedam
371 4412 479 4475 animo
503 4412 673 4479 informari
699 4413 811 4498 possit,
836 4416 932 4476 utne
952 4415 1082 4494 apertus
1101 4401 1280 4495 quidamvir
1321 4490 1326 4497 .
