2836 5034
162 319 228 383 432
450 334 710 383 raonaoouaun
734 333 782 381 ns
806 330 1017 380 unmouravs

162 483 194 543 et
223 477 394 543 Plautinae
423 480 513 563 artis,
541 480 632 544 cuius
661 483 787 544 tantam
816 479 851 543 in
878 475 1014 563 reliquis
1041 475 1174 560 partibus
1196 497 1254 540 sena-

162 586 285 650 riorum
314 587 633 672 septenariorumque
663 586 902 652 condendorum
933 583 1084 650 omnibus
1112 583 1255 666 elegantiam

162 694 278 756 merito
312 692 531 757 admiramur?
578 694 646 757 Aut
678 693 738 757 hoc
770 696 1018 777 praeposterum
1051 696 1085 755 et
1114 690 1259 770 incredibile,

163 804 220 863 aut
247 799 338 863 nihil.
383 798 452 864 Nec
482 821 557 863 vero
587 800 714 887 diversa
742 799 826 864 ratio
858 805 908 864 est
937 820 1050 863 eorum
1082 797 1262 880 exemplorum

163 908 197 970 in
221 908 338 991 quibus
359 909 447 973 vocis
470 906 680 971 intervallum
704 906 866 992 quoddam
889 929 956 971 non
980 927 996 969 e
1021 903 1182 984 sententia,
1199 903 1264 966 sedc

164 1015 333 1078 numeris
365 1019 477 1099 aptum
509 1020 567 1078 est.
621 1013 732 1099 Longe
763 1014 996 1079 creberrimum
1026 1033 1096 1076 esse
1121 1010 1268 1074 hiatumin

163 1121 278 1212 mediis
308 1122 505 1186 tetrametris
533 1121 682 1184 iambicis
711 1124 851 1185 constat:
879 1142 945 1185 non
973 1140 1084 1184 rarum
1112 1117 1145 1181 in
1172 1103 1293 1199 anapia¹

164 1229 254 1292 sticis
280 1229 483 1313 creticisque:
507 1250 566 1292 nec
591 1228 727 1293 eundem
747 1251 766 1292 a
785 1228 923 1291 mediis
946 1224 1160 1291 trochaicis
1181 1230 1273 1306 septe·

52 1366 149 1406 cxcnr
163 1336 287 1398 uariis
312 1336 392 1398 artis
416 1336 614 1401 consuetudo
639 1335 781 1399 exclusit.
823 1333 946 1399 Verum
970 1332 1025 1397 hic
1048 1354 1114 1416 qua
1136 1353 1204 1397 eum
1223 1336 1276 1393 ten

163 1441 311 1525 perantia
341 1440 520 1523 admiserit,
551 1442 653 1505 multo
686 1441 786 1505 etiam
818 1431 1024 1505 manifestias
1053 1438 1182 1521 similis,
1209 1456 1279 1523 quan

164 1571 227 1632 qua
256 1571 355 1632 supra
383 1549 567 1633 utebamur,
597 1549 797 1633 computatio
826 1570 977 1614 versuum
1006 1546 1158 1612 ostendit.
1201 1543 1273 1629 Sep

163 1656 271 1720 uarios
292 1656 377 1719 enim
397 1655 580 1720 trochaicos
600 1678 673 1719 cum
692 1653 900 1720 Trinummus
919 1656 992 1739 plus
1012 1655 1272 1739 quingentum

165 1763 332 1847 plectatur,
367 1764 517 1847 quotiens
550 1763 582 1826 in
616 1765 710 1827 tanta
741 1762 949 1827 multitudine
981 1765 1114 1846 poetam
1143 1765 1237 1845 putas
1262 1792 1290 1836 ι.

165 1891 228 1953 qua
257 1870 377 1932 licebat
408 1872 460 1932 sat
493 1891 605 1953 saepe,
638 1870 789 1934 libertate
821 1891 935 1953 reapse
967 1890 1063 1933 usum
1099 1869 1193 1932 esse?

165 1976 228 2039 huc
252 1976 399 2059 exempla
432 1998 448 2038 e
482 1997 580 2062 supra
612 1976 722 2041 allatis
755 1976 874 2040 referre
906 1975 1027 2059 poteris
1062 1997 1091 2038 v.
1122 1975 1199 2039 907.
1230 1977 1293 2038 lle*

166 2082 219 2162 [cf.
248 2105 278 2166 p.
308 2083 397 2163 calb.
435 2083 516 2146 1071
549 2081 601 2162 [cf.
629 2105 658 2165 p.
688 2084 782 2163 428]:
816 2104 953 2167 quorum
984 2081 1144 2167 ambigua
1176 2082 1224 2146 vis
1255 2110 1264 2135 ι

165 2188 319 2272 quoniam
350 2211 422 2252 cum
454 2180 670 2253 numerorum*
695 2211 797 2272 pausa
833 2189 1005 2253 coniuncta
1042 2192 1107 2271 est,
1147 2211 1213 2272 qua
1248 2218 1266 2243 2·

165 2296 245 2360 satis
278 2295 460 2360 defenditur
491 2297 616 2380 hiatus,
649 2297 806 2361 orationis
838 2296 975 2360 institio.
1021 2295 1162 2360 Praeter
1193 2292 1279 2360 ills

149 2407 234 2482 ⁴tota
262 2403 374 2468 fabula
402 2426 468 2468 non
496 2405 604 2487 plures
634 2426 730 2488 quam
759 2425 814 2468 sex
842 2407 1005 2488 septemve
1033 2425 1149 2467 versus
1182 2408 1275 2467 exst·

166 2510 357 2592 inquorum
382 2532 515 2574 caesura
544 2511 670 2574 hiatum
700 2510 813 2594 scripti
839 2509 915 2574 libri
943 2514 1107 2576 testentur
1132 2510 1187 2574 vel
1211 2509 1270 2593 poli

165 2617 280 2679 testari
309 2618 491 2682 videantur:
521 2640 536 2679 c
566 2619 680 2700 quibus
709 2618 765 2682 ubi
795 2640 848 2682 eos
878 2617 1068 2700 dempseris,
1097 2640 1237 2701 quorum
1263 2646 1266 2671 ι

165 2723 256 2786 nulla
280 2730 336 2788 aut
360 2731 509 2809 suspecta
529 2725 616 2806 fides,
641 2726 806 2809 aliquanto
828 2725 926 2789 ctiam
946 2726 1118 2808 pauciores
1140 2726 1260 2817 restab
1274 2739 1292 2774 v

166 2828 239 2892 Pari
264 2835 437 2915 utrumque
462 2852 562 2914 genus
587 2834 796 2915 proportione
820 2832 852 2895 in
873 2831 1089 2896 Bacchidibus
1112 2838 1178 2896 est:
1203 2834 1269 2916 inq

164 2937 276 2999 fabula
300 2960 317 2999 6
340 2939 413 3021 plus
438 2939 592 3003 trecentis
616 2938 807 3021 septenariis
831 2937 1003 3002 trochaicis
1027 2937 1159 3002 hiatum
1179 2962 1217 3003 en
1236 2935 1292 3002 Η,

165 3045 276 3106 rnanni
311 3047 495 3110 recensione
529 3069 582 3109 sex
617 3046 826 3109 admiserunt:
860 3069 887 3108 1.
917 3046 967 3109 55.
999 3043 1117 3130 362.*)
1151 3048 1225 3110 390.
1272 3052 1286 3089 “>

168 3150 254 3228 [vide
278 3152 387 3232 infral.
411 3155 484 3216 411.
509 3151 622 3237 diist),
646 3159 813 3236 praeterea
837 3153 993 3217 octonarii
1018 3152 1081 3215 duo
1109 3154 1222 3235 580.*)
1245 3152 1285 3216 ’8

167 3256 257 3320 Vnde
287 3261 366 3322 sutis
396 3266 474 3342 puto
504 3265 652 3343 apparet,
681 3283 774 3344 qrram
807 3282 871 3323 non
900 3261 943 3324 sit
969 3260 1001 3322 in
1033 3260 1160 3324 deliciis
1186 3262 1284 3325 habia⁴

165 3364 216 3427 vel
245 3366 384 3428 maxime
413 3367 579 3449 legitimus
610 3366 728 3430 hiatus.
775 3365 845 3441 Quo
874 3366 979 3449 magis
1009 3373 1108 3429 carrto
1141 3390 1222 3451 opus
1244 3387 1291 3429 eo*

166 3471 374 3555 intellegitur,
397 3494 437 3535 ne
461 3473 544 3554 quod
567 3474 636 3536 fieri
661 3474 804 3556 potuisse
828 3471 1066 3536 concedendum
1093 3476 1148 3556 sit,
1172 3473 1275 3557 cupidi

165 3578 313 3641 credatur
342 3580 462 3642 factum
496 3601 565 3642 esse
596 3602 715 3644 revera.
762 3580 850 3655 Quae
882 3581 989 3644 cautio
1023 3603 1107 3664 quas
1142 3583 1176 3646 in
1209 3604 1247 3665 pa
1273 3621 1278 3630 ·

164 3684 272 3745 valeat
301 3708 461 3768 quamque
490 3686 641 3750 subtilem
667 3685 928 3780 diiudicationem
954 3685 1090 3769 habeat,
1120 3688 1225 3772 ipsius
1245 3682 1281 3750 T'

163 3791 287 3852 nummi
312 3793 466 3875 exemplis
491 3793 654 3856 declarare
679 3794 762 3875 licet,
787 3816 868 3877 quae
892 3794 971 3856 haec
996 3799 1073 3858 sunt
1100 3819 1129 3858 v.
1150 3797 1225 3860 311.
1247 3800 1281 3852 ull

166 3899 239 3960 013.
264 3899 395 3981 052.**)
421 3901 494 3963 9110.
524 3902 607 3964 1025
632 3901 685 3978 161.
709 3924 738 3983 p.
763 3901 852 3979 337}
879 3900 976 3963 1124:

253 4039 363 4105 Nimio
384 4042 509 4124 satiust,
529 4047 566 4104 rit
585 4046 689 4124 opust,
708 4045 740 4105 te
760 4044 806 4106 aa
824 4044 893 4126 risse,
913 4065 1009 4126 quam
1031 4050 1068 4108 ut
1089 4047 1203 4113 animo
1222 4046 1301 4110 lubet

253 4145 327 4212 Non
351 4148 502 4212 credibile
527 4147 615 4211 dicis.
654 4150 698 4211 At
722 4150 879 4230 111116ροί
903 4150 1013 4215 nullus
1038 4154 1187 4219 creduas.

165 4291 170 4296 .
197 4291 367 4299 ——..-..-..

252 4363 277 4426 *)
298 4360 350 4427 [cf.
370 4361 440 4414 Nov.
461 4377 518 4415 exo.
539 4361 630 4414 Plaut.
651 4361 662 4413 I
681 4379 707 4430 p.
729 4363 824 4430 75qu

235 4449 275 4517 **)
296 4450 347 4517 [06
367 4449 420 4502 hoc
441 4465 522 4501 versu
542 4449 576 4502 cf.
596 4450 697 4518 Opnso.
718 4451 786 4532 phil.
807 4451 844 4504 111
863 4469 888 4520 p.
911 4458 944 4504 62
965 4454 1002 4519 (v.
1022 4471 1114 4526 supra
1132 4477 1159 4528 p.
1181 4460 1262 4525 329b]
