2886 5032
177 307 242 371 656
556 316 789 366 nsrsmrscss
812 316 942 365 sauss.

174 487 234 530 nos
258 464 444 529 existimare
466 466 523 526 aut
546 464 679 526 eventus
703 460 798 525 docet
821 463 879 524 aut
900 460 1058 525 contrarii
1085 461 1204 544 generis
1220 481 1279 524 ccu-

176 570 314 655 paratio.
350 567 465 651 Itaque
484 589 501 631 e
520 571 613 631 tanta
631 586 738 631 rerum
757 565 999 649 praeclararum
1018 567 1182 652 varietate,
1201 566 1282 652 quibu

176 675 421 762 Angustissimi,
441 674 530 739 cuius
550 673 742 739 memoriam
761 672 946 754 recolimus,
964 660 1067 760 Regis
1081 674 1181 740 virtus
1194 672 1285 753 enituit

177 805 249 848 curn
272 782 406 867 dignum
433 782 580 847 oratione
604 784 834 865 argumentum
857 801 1097 865 quaereremus,
1119 779 1283 847 commodum

177 891 211 954 in
238 893 380 954 mentem
410 890 499 953 venit
526 890 689 954 decantati
718 909 795 952 saue
825 887 1130 973 apophthegmatis,
1155 889 1207 954 sed
1229 883 1286 970 quel

178 1019 290 1061 omnes
314 1019 466 1061 numeros
490 996 638 1061 veritatis
661 994 794 1078 habeat,
818 1016 881 1080 quo
904 995 1157 1080 uniuscuiusque
1177 992 1286 1058 indoleu

179 1103 328 1168 iubemur
351 1102 451 1167 exiis
471 1122 675 1185 cognoscere,
698 1101 816 1185 quibus
835 1101 977 1166 maxime
996 1101 1083 1167 vitae
1103 1101 1288 1166 consiliorum·

177 1231 240 1292 que
271 1210 368 1274 sociis
398 1213 519 1274 utatur.
566 1207 659 1284 Quod
689 1208 818 1292 quidem
848 1209 882 1272 iu
910 1208 1096 1292 principum
1123 1229 1187 1273 nou
1214 1205 1289 1270 minus

141 1340 163 1380 v
177 1336 275 1398 quam
298 1315 342 1388 in,
356 1314 558 1398 privatorum
581 1313 749 1379 hominum
768 1314 911 1379 rationes
931 1313 1028 1397 cadit,
1051 1335 1152 1398 ecque
1171 1313 1290 1378 maionu

177 1421 246 1486 illic
272 1422 339 1486 vim
366 1421 479 1505 habet,
506 1442 570 1504 quo
598 1424 632 1485 et
658 1421 791 1506 gravior
817 1421 983 1506 regiorum
1010 1421 1216 1505 potissimum
1239 1416 1291 1483 nui

176 1550 287 1594 corum
317 1519 495 1593 auctoritas
523 1533 557 1594 et
585 1551 662 1594 vero
686 1528 860 1593 eorundem
884 1527 1131 1613 deligendorum
1155 1526 1291 1592 arbitrium

178 1635 240 1718 ipsi
269 1635 406 1718 principi
432 1634 574 1699 liberius.
620 1635 730 1718 Atque
757 1633 871 1698 habita
897 1638 948 1699 est
974 1633 1056 1699 haec
1084 1656 1210 1720 semper
1227 1652 1292 1718 pne

177 1741 272 1823 cipua
304 1762 380 1823 pars
413 1741 592 1826 sapientiae
624 1739 806 1807 Fslnsnlcr
834 1740 1025 1825 (imnum,
1056 1741 1157 1826 quod,
1186 1737 1293 1806 cumin

178 1850 281 1911 semet
302 1847 386 1932 ipse,
410 1871 474 1932 qua
498 1851 568 1913 erat
591 1848 782 1913 verecundia
806 1869 947 1932 summa,
978 1871 1095 1934 parum
1128 1870 1220 1933 saepe
1239 1845 1293 1910 filu·

178 1953 248 2019 ciac
282 1953 470 2040 collocaret,
503 1955 536 2020 id
568 1955 625 2019 ille
658 1954 888 2019 detrimentum
920 1951 963 2039 (si
992 1954 1045 2019 fas
1076 1960 1127 2021 est
1155 1954 1293 2020 detrimen·

178 2064 247 2124 tum
271 2057 390 2147 dicere)
410 2063 458 2126 ita
476 2065 701 2145 compensaret
719 2060 984 2143 luculentissime,
1004 2063 1045 2136 ut
1063 2053 1292 2146 intellegentiae

179 2189 306 2233 morum
343 2168 582 2253 eorundemque
618 2168 922 2234 honestissimorum
958 2167 1101 2233 virorum
1138 2166 1293 2233 felicissimo

179 2274 303 2339 delectu
323 2275 463 2358 stipatus
488 2297 559 2339 esse
583 2296 656 2339 cum
674 2276 783 2360 eisque
803 2274 1050 2339 administrandi
1069 2275 1197 2361 imperii
1216 2268 1294 2339 munit

179 2380 417 2445 communicare
441 2382 548 2446 vellet.
587 2380 673 2447 Nam
697 2383 724 2447 si
748 2403 877 2446 summa
898 2381 970 2446 laus
994 2384 1055 2464 est,
1077 2403 1120 2446 ne
1143 2402 1232 2467 egere
1249 2374 1294 2462 Ψ

179 2487 251 2552 dem
275 2488 381 2553 aliena
405 2509 475 2573 ope,
498 2486 531 2552 id
555 2488 641 2572 quod
665 2487 902 2572 quodammodo
926 2488 1004 2554 licet
1026 2488 1061 2553 in
1083 2488 1186 2555 divini
1203 2478 1299 2573 ingenii

179 2596 323 2680 principe
353 2594 517 2660 Friderico
548 2593 669 2679 Magno
702 2593 902 2678 praedicare:
934 2598 970 2657 ct
1000 2616 1068 2659 non
1100 2596 1216 2661 ultima
1241 2592 1295 2657 his

180 2707 243 2786 est,
275 2703 373 2766 immo
408 2702 556 2785 proximo
590 2702 630 2766 ab
663 2701 721 2766 illa
752 2691 926 2766 intervallo
958 2700 1099 2785 distans,
1130 2707 1180 2787 ut,
1210 2697 1295 2786 quitur

180 2829 289 2893 egeae,
323 2832 361 2873 ea
388 2810 456 2891 pari
486 2808 796 2890 circumspicientiae
824 2808 1000 2892 sagacitate
1029 2806 1153 2873 habeas
1183 2809 1233 2893 qui
1256 2799 1294 2866 tib'

179 2914 308 2978 aliunde
342 2914 458 2996 parias.
512 2914 558 2978 Et
589 2915 624 2977 in
657 2937 693 2978 eo
728 2914 856 2996 quidem
890 2935 987 2998 quam
1020 2915 1141 2982 eximio
1175 2928 1292 2979 successu

179 3020 392 3086 Fauinulcvs
416 3019 623 3085 leuauuvs
648 3019 875 3102 elaboraverit,
898 3043 971 3084 cum
995 3021 1065 3103 ipsc
1088 3021 1150 3086 flos
1178 3025 1210 3086 et
1227 3017 1296 3083 robur

179 3128 322 3191 diuturni
360 3128 488 3211 imperii
521 3127 720 3192 'documento
761 3130 826 3210 est,
866 3130 937 3191 tum
974 3126 1233 3208 splendidissima
1261 3068 1327 3195 nui

178 3235 403 3298 minaeorum
427 3238 603 3316 testantur,
627 3255 708 3317 quos
731 3233 788 3296 ille
811 3233 1020 3298 consiliorum
1047 3233 1249 3298 administros
1266 3247 1298 3292 re
1323 3200 1327 3267 i

179 3342 364 3425 gendneque
397 3342 593 3426 reipublicae
619 3340 795 3424 participes
822 3340 945 3404 ascivit.
990 3339 1136 3416 Quorum
1161 3340 1298 3406 nominum

181 3448 418 3512 multitudinem
439 3449 726 3532 quotienscumque
751 3447 835 3530 apud
855 3447 998 3510 animum
1021 3447 1238 3530 lustravimus,
1258 3437 1298 3507 etei

179 3554 252 3618 aliis
276 3556 359 3620 alios
384 3556 561 3620 virtutibus
586 3555 777 3638 conspicuos
801 3553 951 3618 admirati
970 3575 1093 3638 sumus,
1117 3561 1223 3620 tamen
1241 3567 1298 3617 uuus

179 3661 309 3745 quidam
333 3662 411 3726 adeo
437 3662 591 3726 excellere
614 3664 743 3744 praeter
772 3665 896 3726 ceteros
925 3683 1054 3744 semper
1084 3663 1172 3726 visus
1200 3664 1256 3739 est,
1275 3654 1299 3716 ul

178 3768 212 3831 in
236 3768 401 3851 praeclara
424 3767 492 3832 eius
515 3768 656 3851 imagine
679 3789 856 3850 numquam
875 3788 940 3830 non
960 3788 1089 3831 summa
1109 3771 1143 3832 et
1161 3765 1299 3849 volupuu

179 3878 212 3937 et
234 3874 441 3939 veneratione
465 3874 575 3938 oculos
604 3874 816 3938 defixerimus.
863 3870 962 3936 Cuius
987 3873 1185 3958 simulatque
1207 3885 1299 3936 nome

179 3982 303 4065 dixero,
330 4004 389 4045 nec
417 3982 511 4045 credo
539 3981 810 4045 inconsideratius
839 3981 929 4045 illum
955 3980 1167 4063 potissimum
1194 3972 1298 4061 reliquis

179 4088 402 4172 anteposuisse
427 4088 607 4171 iudicabor,
637 4110 694 4152 nec
718 4087 946 4152 irreverentius
970 4084 1021 4149 his
1046 4087 1128 4170 ipsis
1153 4088 1189 4152 de
1212 4079 1296 4148 ‹lebiu

178 4195 299 4258 honore
336 4194 509 4279 quicquam
546 4195 732 4258 detraxisse.
793 4192 871 4269 Quis
909 4196 959 4259 est
996 4193 1100 4277 enim,
1138 4193 1211 4277 quin
1244 4203 1297 4251 cum

179 4300 384 4366 Gvrnsnnr
403 4300 673 4365 anuounrrr
694 4301 874 4365 clarissimo
893 4300 1035 4383 nomine,
1056 4305 1094 4366 ut
1111 4300 1219 4384 paucis
1235 4310 1298 4359 cour

179 4407 313 4491 plectar,
346 4413 378 4471 et
405 4408 566 4491 perfectae
595 4407 725 4472 virtutis
759 4407 992 4490 cogitationem
1027 4412 1059 4472 et
1092 4427 1190 4491 prope
1218 4392 1296 4464 divini
