2836 5034
255 329 321 398 320
544 347 808 397 ruonauounur
831 348 877 396 na
902 344 1114 397 naurouravs

257 495 306 557 est
329 492 625 578 orthographicum.
671 494 708 558 In
740 515 803 580 qno
832 493 895 560 etsi
923 494 1080 579 quasdam
1110 492 1234 557 formas
1260 512 1298 556 ex
1318 493 1383 557 anti·

254 600 378 684 quitate
401 602 556 686 repetitas
579 603 611 665 A
635 624 763 686 quoque
788 603 878 668 solus
902 602 1058 685 servavit,
1086 603 1123 664 nt
1146 604 1279 665 modurn
1297 622 1324 664 v.
1342 601 1384 675 63,

253 714 444 790 cmruuqrtor
462 710 535 793 239,
557 710 672 790 factust
689 711 741 792 43,
760 711 836 794 alia,
857 715 968 776 tamen
987 709 1016 773 si
1035 731 1052 772 e
1072 706 1281 772 multitudine
1297 728 1383 772 exem·

254 814 381 898 plorum
410 812 564 878 iudicium
591 814 706 895 facias,
740 815 804 879 diei
833 815 885 879 vix
913 819 1023 900 potest
1051 818 1174 898 quanto
1202 814 1383 898 propinsad

255 921 357 1003 ipsius
380 925 495 1005 poetae
519 924 659 985 aetatem
684 921 909 986 Palatinorum
933 922 982 986 vel
1006 926 1044 986 nt
1072 920 1194 985 rectius
1217 920 1319 986 dioam
1339 921 1382 986 Pa

254 1027 348 1091 latini
373 1028 405 1091 Β
428 1029 586 1093 memoria
617 1050 713 1113 quam
738 1029 946 1094 Ambrosiam
970 1029 1111 1114 accedat,
1138 1029 1174 1093 in
1198 1049 1264 1112 qno
1286 1028 1384 1112 saepia

255 1135 335 1199 sime
365 1155 448 1218 meur,
478 1140 577 1219 serlo,
605 1136 727 1215 solutas,
757 1141 802 1200 est
829 1137 958 1220 legatur
986 1136 1043 1201 ubi
1073 1136 1216 1220 priscam
1246 1132 1382 1200 serium

254 1243 414 1307 rationem
441 1262 547 1327 primu,
574 1249 675 1327 nerto,
703 1244 819 1325 saluos,
848 1248 877 1307 st
904 1247 937 1308 ot
964 1242 997 1307 id
1026 1263 1130 1328 genus
1153 1243 1281 1327 reliqua
1302 1239 1382 1306 Velm

255 1350 310 1413 ille
334 1349 523 1433 plerumque
547 1350 635 1415 solus
659 1354 808 1415 testatur.
1106 1415 1109 1420 .

344 1455 433 1533 Quae
457 1478 530 1521 oum
553 1457 600 1520 ita
624 1457 699 1541 sint,
722 1457 929 1542 oonsequitnr
953 1461 990 1521 nt
1006 1456 1060 1521 hic
1078 1478 1209 1542 quoque
1228 1460 1267 1521 ut
1284 1456 1378 1542 nbiqu

255 1584 390 1648 regnare
413 1563 605 1629 rationem
624 1563 740 1628 debere
758 1564 996 1648 intellegamus,
1019 1585 1082 1647 qua
1101 1563 1190 1648 qnod
1210 1568 1323 1648 suapte
1336 1562 1378 1627 vir·

255 1676 325 1736 tute
349 1675 494 1754 praestet
516 1677 549 1736 et
571 1671 605 1735 in
624 1671 704 1735 artis
722 1674 896 1755 praecepta
913 1671 1108 1756 linguaeque
1127 1669 1217 1755 leges
1238 1673 1273 1733 et
1288 1674 1383 1752 poetas

255 1779 422 1863 ingenium
443 1778 623 1861 conveniat,
647 1777 829 1863 deligamus
847 1782 881 1842 et
899 1780 1028 1861 praeter
1045 1776 1180 1842 testium
1199 1774 1387 1862 quantumvis

256 1890 458 1951 vetustorum
472 1885 685 1950 reverentiam
701 1884 884 1968 probemus.
917 1883 986 1949 Neo
1004 1885 1107 1969 igitur
1119 1888 1303 1968 propterea,
1318 1880 1380 1968 qnod

190 2015 245 2053 mm
260 1991 380 2076 aliquid
405 1993 472 2057 sive
490 1993 522 2058 A
546 1993 651 2057 solum
675 1991 743 2056 sive
767 1991 854 2055 solos
873 1989 976 2056 BOD
999 1995 1100 2057 testes
1122 1989 1236 2068 babet,
1258 1990 1328 2055 ilie)

256 2098 514 2181 amplectendum
543 2102 600 2162 ant
627 2097 840 2162 aversandum
876 2119 959 2178 esse,
990 2098 1089 2162 etiam
1121 2097 1178 2181 qui
1209 2096 1317 2163 indole
1346 2146 1348 2150 ,

257 2205 296 2269 ad
320 2204 524 2269 iudicandum
548 2226 644 2287 quam
665 2203 705 2269 ad
725 2203 915 2269 eredendum
939 2204 1097 2269 tardiores
1122 2205 1190 2268 sint
1209 2203 1346 2269 intell

256 2315 394 2397 oportet.
437 2312 498 2388 Qui
523 2311 651 2395 quidem
676 2310 817 2375 viderint
840 2311 912 2394 ipsi,
936 2333 999 2394 quo
1023 2310 1154 2375 tandem
1176 2309 1247 2375 iure
1268 2316 1350 2395 antq

255 2419 363 2502 potius
387 2419 504 2483 mentis
529 2418 595 2482 sive
620 2418 775 2482 caecitate
799 2417 866 2482 sive
890 2416 1111 2481 obstinatione
1134 2422 1258 2502 negent
1276 2438 1329 2500 per
1347 2461 1361 2471 a

256 2530 420 2610 septemve
450 2526 590 2608 saecula,
619 2546 701 2609 qnae
724 2524 810 2587 inter
832 2524 941 2588 vivum
965 2523 1194 2608 rigantemque
1218 2528 1340 2607 poetam
1376 2551 1377 2556 ¹

256 2634 410 2716 seriptum
441 2631 693 2696 Ambrosianum
721 2631 892 2695 interiecta
919 2636 1007 2713 suut,
1037 2654 1076 2696 ea
1099 2632 1187 2696 faeta
1211 2653 1296 2713 esse,
1322 2635 1378 2713 q?

256 2762 327 2803 oum
359 2763 378 2802 a
409 2739 521 2821 scripti
553 2759 572 2813 γ
602 2741 748 2822 tempore
782 2737 823 2801 ad
857 2737 1080 2804 duodecimum
1115 2739 1285 2803 saeculum

256 2869 325 2911 esse
349 2846 519 2909 Palatinus
543 2846 576 2910 B
600 2844 749 2909 ostendat
772 2867 844 2908 oum
865 2844 928 2909 01)
950 2846 1096 2928 collatus,
1120 2850 1192 2909 tum
1216 2844 1354 2911 ad001
1377 2879 1380 2894 ³

257 2954 451 3035 soriptorum
474 2954 507 3017 A
531 2957 564 3017 et
587 2974 607 3016 α
631 2957 778 3034 tempora
803 2972 873 3015 esse
895 2950 982 3015 faeta
1005 2951 1091 3016 idem
1109 2951 1143 3015 B
1163 2974 1237 3016 enm
1258 2971 1334 3036 cogn
1358 2978 1361 2992 ·

257 3059 380 3123 doceat
412 3059 457 3123 Et
475 3063 584 3123 tamen
602 3059 682 3123 haee
702 3058 751 3122 vel
771 3058 893 3122 leviora
912 3064 988 3123 sunt
1007 3080 1084 3141 prae
1104 3079 1218 3124 eorum
1234 3053 1360 3123 evideo'
1385 3071 1396 3122 ξ

258 3187 339 3249 quae
363 3165 448 3229 inter
471 3166 665 3247 scriptorum
690 3166 722 3228 A
747 3169 779 3228 et
803 3164 836 3227 B
859 3168 1006 3247 tempora
1025 3185 1095 3229 esse
1114 3171 1252 3249 peecata
1271 3165 1351 3231 alte

257 3274 290 3336 in
305 3277 431 3356 partem
448 3274 556 3337 valens
571 3271 794 3336 Palatinornm
810 3271 1082 3355 Ambrosianique
1098 3273 1359 3356 comparatione
1386 3313 1389 3316 -

258 3384 346 3444 stret.
393 3379 477 3444 Nam
507 3385 544 3443 ut
566 3379 629 3444 huc
653 3379 783 3443 tandem
809 3379 990 3462 deveniam,
1019 3379 1124 3443 adbuc
1149 3402 1208 3462 per
1232 3381 1312 3445 vitia
1349 3408 1350 3411 ¹

257 3493 326 3551 tum
355 3489 536 3569 descriptus
566 3487 803 3551 Ambrosianus
835 3492 958 3568 quanta
987 3508 1025 3549 ex
1059 3488 1164 3551 altera
1194 3492 1288 3571 parte
1315 3507 1334 3568 p
1360 3519 1373 3533 0

258 3595 398 3657 stantiae
421 3594 515 3658 laude
539 3594 679 3658 emineat
701 3598 734 3656 et
757 3614 834 3675 prae
859 3592 1081 3655 Palatinorum
1109 3594 1257 3658 bonitate
1275 3613 1329 3676 pro
1347 3619 1356 3643 ω

258 3700 510 3784 exsplendeseat‚
533 3699 628 3784 louge
648 3701 807 3782 longeque
826 3720 922 3781 quam
942 3698 1095 3762 vitiorum
1119 3700 1226 3763 maior
1249 3700 1357 3763 virtu

259 3808 431 3871 multitudo
451 3813 517 3870 tam
537 3807 715 3870 luculenter
734 3804 863 3888 probat,
880 3810 919 3867 ut
936 3809 1075 3887 nequeat
1094 3809 1209 3869 eontra
1228 3806 1299 3870 dici.
1330 3800 1352 3827 ⁴

258 3916 342 3977 euim
372 3936 472 3998 prava
500 3914 721 3978 additamenta
749 3918 891 3996 epactae,
920 3912 1007 3975 solus
1036 3913 1076 3975 ab
1105 3911 1158 3976 his
1187 3912 1270 3977 liber
1296 3913 1324 3976 A
1350 3935 1375 3961 ι·

258 4022 345 4085 velut
369 4023 497 4085 omissis
522 4044 550 4085 v.
574 4022 616 4084 23
640 4041 703 4083 riou
726 4020 820 4099 ιιιαὶα,
845 4020 887 4082 52
911 4019 991 4102 berre,
1015 4019 1079 4084 209
1101 4019 1199 4102 foetu,
1223 4021 1288 4084 242
1308 4015 1374 4099 ⁸⁰95*

258 4130 339 4211 lulis,
362 4129 426 4192 298
451 4134 487 4210 et,
510 4128 575 4191 306
594 4129 635 4208 id,
659 4127 721 4189 321
743 4147 815 4193 nrm,
839 4126 903 4188 339
927 4126 1016 4206 quod,
1039 4121 1374 4205 armamentaque}

256 4256 352 4315 eiecere,
381 4241 414 4298 et
443 4235 547 4317 magis
576 4233 778 4297 memorabili
809 4232 956 4315 exemplo
986 4239 1061 4316 post
1090 4256 1117 4296 v.
1144 4218 1268 4297 72'illo
1296 4246 1377 4316 panno

257 4341 316 4404 Sin
342 4343 504 4403 iouruulurr
532 4342 582 4403 reis
611 4341 764 4421 inpeuiuur
794 4338 944 4402 erroribus:
974 4339 1042 4402 sive
1067 4343 1195 4421 spectas
1221 4339 1381 4403 voculam!

258 4448 520 4531 syllabarumque
544 4447 685 4529 laeuuus,
709 4469 763 4509 oua
787 4447 875 4509 aolus
900 4447 931 4508 A
956 4446 1085 4529 supplet
1109 4446 1200 4508 velut
1224 4470 1252 4510 v.
1276 4447 1317 4510 ld
1338 4462 1382 4507 ser·
