2836 5034
327 328 621 378 ssnrnnnnonnn
647 330 719 377 nnn
742 316 950 377 Llnnmcnns.
1148 313 1209 376 711

64 494 141 535 mus
167 471 328 537 Maximus
357 470 411 536 diu
440 473 577 557 sospitet
605 472 874 556 superstitetqne‚
905 494 977 536 curn
1001 471 1074 535 'l'vn
1099 494 1214 537 carmes

63 584 137 642 tum
162 584 278 645 nostra
301 580 389 644 omni
417 585 450 644 et
472 581 595 664 pietate
619 584 652 644 et
674 579 832 644 instantia
855 582 1007 662 optamus
1030 599 1211 662 compreca-

60 708 214 769 murque.
259 684 352 760 Quod
382 686 460 751 deus
488 688 570 751 bene
599 690 705 751 vertat
733 691 766 750 et
794 686 869 751 felix
899 685 1041 750 faustum
1070 686 1211 749 fortuna·

59 797 203 875 tumque
226 813 296 856 esse
318 792 437 858 iubeat
484 793 573 858 Vale.

158 897 280 962 Datum
311 898 442 966 Bounae
471 901 520 966 die
543 900 621 965 XVl
655 924 696 965 m.
720 900 871 965 Octobris
895 922 923 964 a
946 916 1212 965 clolocccuvnn.

618 1277 666 1339 12.
716 1273 718 1277 ’

54 1414 500 1480 Gratulationsedressc
518 1416 696 1482 ltitschl's
716 1440 758 1481 zu
778 1417 858 1480 deur
880 1414 1209 1500 l'nnl'zigjiihrigen

251 1522 595 1605 Doctorjubiliinm
630 1545 700 1587 von
735 1526 771 1586 lt.
805 1520 1028 1605 Bernhardy

420 1650 477 1693 am
501 1630 553 1694 30.
577 1629 744 1694 October
770 1629 862 1693 1872.

159 1769 344 1836 Godofredo
359 1770 550 1855 Bernhardy
568 1774 579 1855 ΙΙ
596 1794 654 1856 per
677 1772 764 1835 vitoe
787 1770 1000 1854 laborumque
1024 1770 1210 1835 fructuosis·

60 1876 185 1941 simam
218 1877 490 1962 longinquitatem
513 1880 523 1961 l]
546 1900 618 1942 cum
652 1877 828 1941 inventutis
861 1877 1057 1960 optimarum
1091 1877 1210 1941 artium

61 1982 233 2047 studiosae
251 1983 262 2066 ΙΙ
280 1983 403 2048 doctori
423 1989 522 2069 atque
535 1983 731 2048 moderatori
751 1982 961 2066 integerrimo
978 1983 989 2065 ΙΙ
1007 1988 1076 2047 tum
1097 2005 1210 2067 aequa-

61 2088 148 2152 lium
180 2089 215 2152 in
247 2091 455 2176 antiquitatis
488 2090 604 2156 studiis
638 2090 835 2155 versantium
870 2089 1013 2152 oninium
1051 2091 1209 2175 magistro

10 2226 26 2267 :.·
61 2194 165 2260 unico
182 2197 194 2279 l
211 2198 331 2282 quippe
358 2199 412 2281 qui
443 2197 636 2279 scriptorum
664 2216 854 2280 graecorum
877 2194 1119 2279 latinorumque
1142 2201 1210 2260 tam

65 2307 99 2366 et
127 2302 259 2367 subtilis
288 2304 491 2366 existimator
518 2309 551 2366 et
574 2303 764 2387 intellegens
789 2302 947 2385 interpres
970 2307 1003 2365 et
1026 2301 1210 2366 luculentus

66 2414 237 2473 enarrator
252 2408 413 2473 exstiterit
430 2409 441 2491 l
459 2414 496 2472 nt
514 2409 583 2472 eius
602 2408 798 2491 disciplinae,
822 2429 919 2491 quam
939 2407 1035 2472 hodie
1055 2406 1210 2473 historice

67 2514 252 2579 litterarum
282 2513 411 2581 nomine
434 2514 693 2597 complectimur,
725 2514 794 2577 iure
818 2514 996 2597 meritoque
1021 2522 1096 2598 post
1120 2536 1209 2600 mag-

67 2640 145 2684 num
168 2618 203 2683 F.
226 2622 265 2683 A.
290 2619 443 2685 Wolfium
472 2620 554 2683 alter
583 2640 698 2702 parens
727 2630 823 2703 atque
851 2620 1001 2685 conditor
1028 2621 1188 2686 habeatur

10 2790 12 2795 .
69 2724 228 2791 honorum
260 2726 609 2811 quinquagenariorum
638 2726 824 2791 felicitatem
842 2728 853 2809 ΙΙ
875 2750 912 2790 ex
937 2727 1044 2792 animo
1069 2729 1209 2813 gratula-

10 2876 17 2919 :-
71 2836 121 2896 tur
136 2834 148 2915 l
165 2833 441 2918 plurimorumque
465 2855 622 2898 annorum
645 2842 834 2916 perpetuam
858 2834 996 2898 salntem
1016 2836 1210 2920 prosperita·

10 2940 25 2963 ²
73 2946 200 3021 temque
223 2946 357 3023 exopt-at
383 2942 394 3023 ΙΙ
422 2940 602 3004 Frideriens
626 2939 825 3004 Ritsclnlius
852 2942 863 3022 ΙΙ
892 2940 1066 3025 Lipsiensis
1093 2942 1104 3024 ΙΙ
1131 2941 1208 3006 olim

75 3040 228 3109 llalensis.
265 3045 331 3111 Sor.
355 3046 384 3110 d.
409 3045 498 3110 XXX
522 3070 563 3110 1n.
587 3048 654 3112 oct.
680 3070 707 3110 a
731 3065 996 3113 elolocccnxxn.

10 3222 31 3341 Ξ

616 3369 663 3431 13.

10 3468 35 3577 l?
88 3500 503 3572 Gratulationsadresse
519 3508 698 3574 ltitschl's
718 3532 760 3572 nu
776 3509 857 3572 elem
874 3508 1209 3595 l'unl’zigjiilrrigen

125 3606 448 3700 Doctorjubilaum
474 3638 543 3680 von
568 3616 659 3679 Karl
684 3615 804 3680 Lehrs
829 3638 883 3679 arn
906 3615 1049 3679 ellare
1074 3617 1166 3681 1873.

163 3769 277 3841 Karolo
301 3775 436 3841 Lehrsio
453 3776 464 3857 l
484 3762 719 3860 lte'gimontano
737 3776 748 3857 11
767 3775 987 3839 univcrsitatis
1022 3776 1211 3843 :ilbertinse

96 3868 180 3942 ‘latori
198 3888 296 3967 atque
314 3888 504 3948 ornamento
523 3883 681 3967 singulari
698 3886 708 3967 l
727 3883 844 3948 eximio
864 3883 972 3947 eximii
991 3886 1211 3967 praeceptoris

10 4064 15 4069 Ι
98 3979 281 4073 otdiscipulo
305 3995 339 4054 et
356 3989 483 4055 aemulo
501 3990 511 4072 ΙΙ
530 3990 755 4054 Aristarcheac
776 3990 905 4053 virt-ntis
926 3990 1094 4073 interpreti
1115 3998 1211 4075 atque

10 4094 13 4161 ἶ
99 4079 191 4157 'indici
206 4117 280 4161 sere
295 4094 504 4160 Aristarcheo
522 4096 533 4179 ΙΙ
551 4098 717 4175 διόρθωειν
737 4099 881 4176 ἐξήγηειν
901 4096 998 4175 κρίειν
1023 4118 1094 4160 cum
1118 4119 1210 4182 grae·

10 4258 15 4289 2
97 4203 183 4263 t*rum
207 4206 276 4267 tum
304 4201 479 4267 latinarum
503 4202 685 4267 litterarum
703 4203 713 4285 ΙΙ
732 4207 876 4266 veterum
906 4203 1138 4287 magistrorum
1162 4228 1213 4271 ex-

95 4299 181 4401 ‘arlo
198 4308 210 4391 fl
228 4307 406 4373 laetissima
434 4308 608 4393 eademque
637 4310 898 4374 fructuosissima
926 4311 1134 4376 consortione
1162 4337 1212 4377 so-

92 4406 200 4495 ⁰²le
215 4419 410 4499 strenueque
424 4414 600 4480 iuventutis
625 4417 830 4483 institutione
848 4418 858 4500 ΙΙ
877 4419 918 4483 ad
942 4420 1071 4484 futurae
1095 4422 1213 4488 aetatis
