2836 5034
228 352 385 402 onmem
408 354 478 403 Am*
501 353 562 402 DIE
587 352 772 403 sennem
795 352 866 402 VON
888 349 1144 401 mmmmm.
1194 332 1257 399 691

161 498 218 561 Καὶ
242 498 353 577 δηίοιςι
376 499 516 577 πύρεςςι·
539 497 672 577 μάλιςτα
695 496 723 560 θ’
746 495 796 574 ὅγ’
818 495 1031 575 ἡγεμόνεςςιν,

159 603 274 668 Αύτοῑς
298 625 358 685 περ
382 607 583 685 φρονέουςιν,
607 606 655 670 ένὶ
679 606 819 684 ςτέρνοις
842 606 937 682 μένος
960 603 1045 681 ἧκεν.

156 707 257 790 Ἠρχε
280 710 311 776 δ’
332 713 368 777 ἐν
390 714 594 794 Αύςτριακοῑς
617 715 715 792 μέγας
738 713 823 792 ἥρως
846 715 1049 794 θωρηκτῇςιν,

157 816 295 882 Τίλλυος
318 818 560 899 όμβριμοεργός·
584 820 631 884 ἐνὶ
655 821 793 898 ςτήθεςςι
816 818 851 881 δέ
876 814 977 894 θυμόν

158 924 290 1002 θρέψεν
314 923 493 1003 ἀταρτηρόν
517 926 568 990 καί
591 924 765 1003 ἀμείλιχον,
788 922 867 987 ὥςτε
892 923 1001 986 λύκοιο

155 1028 355 1110 Ὠμοφάγου,
379 1031 446 1097 όςτ’
468 1031 536 1098 ὦκα
559 1032 627 1098 κατ’
650 1032 765 1112 οὔρεος
788 1030 943 1110 ὑλήεντας

159 1134 294 1220 Ἐμπέςῃ
317 1139 337 1216 ἢ
361 1137 475 1202 ὀῑεςςιν
499 1142 518 1219 ἢ
543 1139 716 1221 ἀγραύλῃςι
741 1137 876 1218 βόεςςιν·

156 1243 293 1308 Ἥντινα
316 1243 344 1307 δ’
367 1246 416 1310 είν
438 1245 582 1324 όνύχεςςι
606 1246 695 1328 λάβῃ,
719 1246 752 1310 ἐξ
776 1244 899 1322 αὐχένα
921 1242 1006 1321 ἄξας,

153 1348 226 1426 Αίμ’
248 1349 294 1414 ἔτι
317 1353 436 1430 θερμὸν
459 1351 549 1418 ἔπινε
574 1355 630 1418 ςὺν
653 1352 839 1432 ἀπλήτοιςιν
862 1350 1005 1415 όδοῦςιν·

154 1456 254 1521 Τοῑος
278 1457 343 1522 ἐὼν
364 1459 487 1538 ἤναςςε,
511 1461 605 1525 κλέος
629 1460 853 1539 βαςιλεύτατος
875 1456 965 1538 όινήρ.

207 1670 273 1735 Τού
297 1669 325 1733 δ’
348 1670 399 1735 ἐπ’
421 1672 626 1753 άριςτερόφιν
649 1674 722 1738 λαοὶ
745 1674 917 1738 ςτέλλοντο
940 1669 1009 1735 κατ’
1031 1670 1139 1751 ὀρθήν,

157 1775 257 1855 ούρε’
281 1775 344 1843 ἄνα
367 1780 519 1860 ςκιόεντα,
542 1779 633 1845 τότ’
656 1781 841 1859 Εύρύπεδον
864 1776 1079 1857 ςτεφάνωται,

151 1881 206 1947 Ἐς
229 1885 460 1965 Φιλυραγκείου
484 1888 601 1966 ἐρατοῦ
624 1887 714 1967 ἱερὸν
737 1885 937 1964 πτολίεθρον.

151 1989 210 2055 Ἐν
232 1989 260 2053 δ’
283 1992 391 2058 αὐτῶν
414 1993 519 2073 όρέων
542 1995 835 2074 περιφαινομένοιςι
859 1994 1010 2072 καρήνοις

150 2097 296 2178 Ἱππήων
318 2103 445 2166 πυκιναὶ
467 2102 735 2182 ύποθωρήςςοντο
758 2099 932 2179 φάλαγγες.

202 2312 364 2391 Δεύτερος
387 2311 457 2377 αὖτ’
480 2312 621 2393 ἀρχηγὸς
644 2315 692 2379 ἐνὶ
715 2317 838 2396 ςτρατῷ
861 2311 1053 2391 Αἰγειρώόηε

151 2416 293 2483 Ἐπλετο
317 2419 560 2500 καρτερόθυμος,
584 2420 717 2501 ἀμύμων
740 2420 814 2487 ozac
836 2418 967 2497 Ἀρηος·

156 2523 226 2589 Οῐςι
250 2523 278 2587 δ’
301 2524 358 2605 ἔην
382 2530 485 2593 λαοῑςι
508 2529 667 2608 πελώριος
690 2529 766 2606 ἠΰτε
790 2528 920 2605 πύργος,

152 2629 251 2694 Ὅςτε
275 2630 371 2696 πόλιν
395 2632 504 2710 ῥύεται
527 2635 578 2698 καὶ
600 2634 708 2712 τείχεα
732 2633 835 2712 μακρὰ
857 2630 1001 2696 πυλάων.

154 2735 216 2798 Ὣς
240 2736 258 2800 ό
282 2740 340 2816 μὲν
363 2740 539 2820 ἡγεμόνευε
563 2740 631 2819 μεθ’
653 2741 818 2820 ἱππήεςςιν
841 2739 984 2816 ἀγαυοῖς,

158 2843 436 2925 Χαλκεοθώρηξιν·
459 2848 509 2911 τοὶ
532 2848 592 2925 γὰρ
616 2847 772 2926 κάρτιςτοι
796 2845 957 2911 ἁπάντων.

205 3056 330 3123 Τότθων
354 3059 383 3123 δ’
405 3060 504 3140 ἀρχὸς
528 3060 585 3140 ἔην
608 3063 659 3126 καὶ
682 3061 853 3125 ἐπίςκοπος
877 3060 933 3137 ἠδὲ
957 3059 1082 3137 ςαωτήρ

158 3163 316 3228 Φίλτατος
340 3165 544 3232 όθανότοιςιν
567 3165 654 3247 ἄναξ,
678 3167 858 3245 μεγάθυμος
881 3165 1055 3244 Ἀόολφος.

160 3269 215 3353 Τῷ
238 3271 269 3335 οἱ
293 3277 452 3352 ςκῆπτρον
475 3272 607 3339 όπαςςε·
631 3277 734 3355 πατήρ
757 3272 786 3338 δ’
809 3273 854 3337 ὡς
876 3271 962 3337 τίετο
986 3273 1083 3353 δήμῳ,

158 3375 301 3442 Οὕνεκεν
323 3380 420 3457 ἤπιον
443 3380 513 3446 αίέν
536 3381 584 3445 ἐνὶ
606 3382 719 3460 φρεςὶν
742 3381 820 3460 ἦτορ
844 3377 972 3456 ἐχεςκεν

157 3482 214 3546 Καί
239 3483 270 3546 οἱ
293 3487 395 3563 μήδεα
418 3485 509 3550 πύκν’
532 3485 675 3564 ἐγένοντ’
698 3486 751 3550 ἐπὶ
775 3484 884 3563 κάρτεϊ
907 3486 1032 3561 χειρῶν.

155 3587 242 3654 Ἀλλ’
266 3589 316 3667 ὅγ’
338 3591 565 3672 Ὑπερβορέων
589 3595 723 3672 ἐξήγαγε
746 3592 883 3671 τηλόθεν
906 3588 977 3667 αἴης

156 3693 289 3774 Ἀνέρας
313 3697 465 3775 αἰχμητὰ(
489 3700 525 3763 ἐν
548 3697 775 3777 ποντοπόροιςι
800 3699 932 3762 νέεςςιν·

154 3803 256 3868 Ἔνθα
280 3803 411 3882 μάλιςτα
434 3805 558 3884 πέφυκε
583 3805 697 3884 κράτος
721 3808 850 3870 πολιοῖο
875 3805 1011 3882 ςιόήρου.

154 3911 242 3974 Τοὺς
266 3908 294 3972 δ’
318 3909 368 3987 ὅγ’
392 3909 442 3975 ἐπ’
466 3910 579 3993 Ἠᾠων
602 3912 729 3990 κούραις
753 3911 933 3991 μεγάθυμος
957 3908 1122 3988 Ἀδολφος

155 4015 289 4082 Ἄντιον
312 4016 449 4098 ἔςτηςεν,
474 4017 553 4080 κατὰ
576 4018 662 4082 δεξιὰ
686 4019 768 4082 λαὸν
791 4020 922 4097 ἐέργων.

160 4121 299 4199 Κρίνατο
323 4120 352 4185 δ’
375 4121 420 4188 είς
443 4125 586 4202 φρήτρας
610 4124 660 4187 καὶ
684 4127 773 4201 φύλα
797 4125 852 4187 ςὺν
875 4121 1088 4201 ἡγεμόνεςςιν,

151 4227 213 4294 Ὠς
236 4229 273 4294 εὖ
296 4228 388 4308 γνοίη
413 4226 545 4292 ἑκάςτου
569 4228 606 4292 ἐν
629 4229 701 4312 αἰνῇ
725 4229 865 4308 δηϊότητι

155 4333 370 4413 Ἀμφότεραν,
394 4333 505 4412 κακίην
527 4332 555 4396 τ’
578 4332 695 4414 ἀρετὴν
718 4337 753 4400 δέ
777 4356 812 4400 τε
836 4334 1046 4415 κυδιάνειραν.

155 4440 208 4505 Ού
231 4439 293 4518 γὰρ
317 4441 354 4506 ἐν
377 4441 562 4519 Εὐρυπέόου
586 4440 781 4520 ἐριβώλακος
804 4441 994 4507 αίπολίοιςιν

993 4542 1049 4599 w
