<?xml version="1.0" encoding="UTF-8"?>
<!DOCTYPE html PUBLIC "-//W3C//DTD XHTML 1.0 Transitional//EN"
    "http://www.w3.org/TR/xhtml1/DTD/xhtml1-transitional.dtd">
<html xmlns="http://www.w3.org/1999/xhtml" xml:lang="en" lang="en">
 <head>
  <title>
</title>
<meta http-equiv="Content-Type" content="text/html;charset=utf-8" />
  <meta name='ocr-system' content='tesseract 3.04.00' />
  <meta name='ocr-capabilities' content='ocr_page ocr_carea ocr_par ocr_line ocrx_word'/>
</head>
<body>
  <div class='ocr_page' id='page_1' title='image "./fridericiritsch00ritsgoog_0732.png"; bbox 0 0 2836 5034; ppageno 0'>
   <div class='ocr_carea' id='block_1_1' title="bbox 238 299 1165 381">
    <p class='ocr_par' dir='ltr' id='par_1_1' title="bbox 238 299 1165 381">
     <span class='ocr_line' id='line_1_1' title="bbox 238 299 1165 381; baseline -0.008 -13"><span class='ocrx_word' id='word_1_1' title='bbox 238 302 303 368; x_wconf 78' lang='lat'><strong>710</strong></span> <span class='ocrx_word' id='word_1_2' title='bbox 465 312 699 363; x_wconf 75' lang='lat' dir='ltr'><strong>nsrrrmscun</strong></span> <span class='ocrx_word' id='word_1_3' title='bbox 723 299 946 381; x_wconf 74' lang='lat' dir='ltr'><strong>nuscuntur,</strong></span> <span class='ocrx_word' id='word_1_4' title='bbox 968 310 1165 381; x_wconf 66' lang='lat' dir='ltr'><strong>mussan,</strong></span> 
     </span>
    </p>
   </div>
   <div class='ocr_carea' id='block_1_2' title="bbox 184 452 1388 4493">
    <p class='ocr_par' dir='ltr' id='par_1_2' title="bbox 237 452 1352 543">
     <span class='ocr_line' id='line_1_2' title="bbox 237 452 1352 543; baseline -0.002 -17"><span class='ocrx_word' id='word_1_5' title='bbox 237 460 372 526; x_wconf 89' lang='lat' dir='ltr'><strong>numina</strong></span> <span class='ocrx_word' id='word_1_6' title='bbox 395 462 492 543; x_wconf 89' lang='lat' dir='ltr'><strong>atque</strong></span> <span class='ocrx_word' id='word_1_7' title='bbox 516 452 609 523; x_wconf 85' lang='lat' dir='ltr'><strong>sacra</strong></span> <span class='ocrx_word' id='word_1_8' title='bbox 631 461 798 541; x_wconf 89' lang='lat' dir='ltr'><strong>tamqnam</strong></span> <span class='ocrx_word' id='word_1_9' title='bbox 816 456 859 521; x_wconf 88' lang='lat' dir='ltr'><strong>ab</strong></span> <span class='ocrx_word' id='word_1_10' title='bbox 877 455 989 541; x_wconf 88' lang='lat' dir='ltr'><strong>aliquo</strong></span> <span class='ocrx_word' id='word_1_11' title='bbox 1006 460 1202 542; x_wconf 70' lang='lat' dir='ltr'><strong>mystagogo</strong></span> <span class='ocrx_word' id='word_1_12' title='bbox 1218 458 1352 542; x_wconf 76' lang='lat' dir='ltr'><strong>explicate</strong></span> 
     </span>
    </p>

    <p class='ocr_par' dir='ltr' id='par_1_3' title="bbox 238 562 1352 651">
     <span class='ocr_line' id='line_1_3' title="bbox 238 562 1352 651; baseline -0.001 -19"><span class='ocrx_word' id='word_1_13' title='bbox 238 571 272 633; x_wconf 90' lang='lat' dir='ltr'><strong>et</strong></span> <span class='ocrx_word' id='word_1_14' title='bbox 286 566 376 632; x_wconf 84' lang='lat' dir='ltr'><strong>velut</strong></span> <span class='ocrx_word' id='word_1_15' title='bbox 394 566 429 630; x_wconf 93' lang='lat' dir='ltr'><strong>in</strong></span> <span class='ocrx_word' id='word_1_16' title='bbox 444 564 618 650; x_wconf 85' lang='lat' dir='ltr'><strong>propatulo</strong></span> <span class='ocrx_word' id='word_1_17' title='bbox 636 564 758 649; x_wconf 89' lang='lat' dir='ltr'><strong>posita:</strong></span> <span class='ocrx_word' id='word_1_18' title='bbox 807 562 1043 648; x_wconf 87' lang='lat' dir='ltr'><strong>praedicabunt</strong></span> <span class='ocrx_word' id='word_1_19' title='bbox 1056 584 1166 628; x_wconf 82' lang='lat' dir='ltr'><strong>reram</strong></span> <span class='ocrx_word' id='word_1_20' title='bbox 1183 564 1352 651; x_wconf 81' lang='lat' dir='ltr'><strong>solidamque</strong></span> 
     </span>
    </p>

    <p class='ocr_par' dir='ltr' id='par_1_4' title="bbox 240 669 1355 757">
     <span class='ocr_line' id='line_1_4' title="bbox 240 669 1355 757; baseline -0.001 -17"><span class='ocrx_word' id='word_1_21' title='bbox 240 671 447 757; x_wconf 87' lang='lat' dir='ltr'><strong>antiquitatis</strong></span> <span class='ocrx_word' id='word_1_22' title='bbox 471 671 573 736; x_wconf 89' lang='lat' dir='ltr'><strong>totius</strong></span> <span class='ocrx_word' id='word_1_23' title='bbox 596 671 773 755; x_wconf 76' lang='lat' dir='ltr'><strong>imaginem</strong></span> <span class='ocrx_word' id='word_1_24' title='bbox 791 674 829 734; x_wconf 89' lang='lat' dir='ltr'><strong>ut</strong></span> <span class='ocrx_word' id='word_1_25' title='bbox 847 669 967 735; x_wconf 88' lang='lat' dir='ltr'><strong>indolis</strong></span> <span class='ocrx_word' id='word_1_26' title='bbox 985 670 1180 737; x_wconf 73' lang='lat' dir='ltr'>excellentia</span> <span class='ocrx_word' id='word_1_27' title='bbox 1196 670 1244 736; x_wconf 88' lang='lat' dir='ltr'><strong>ita</strong></span> <span class='ocrx_word' id='word_1_28' title='bbox 1258 672 1355 739; x_wconf 79' lang='lat' dir='ltr'><strong>laboris</strong></span> 
     </span>
    </p>

    <p class='ocr_par' dir='ltr' id='par_1_5' title="bbox 240 776 1355 867">
     <span class='ocr_line' id='line_1_5' title="bbox 240 776 1355 867; baseline -0.002 -22"><span class='ocrx_word' id='word_1_29' title='bbox 240 779 456 867; x_wconf 70' lang='lat' dir='ltr'>perpetuitate</span> <span class='ocrx_word' id='word_1_30' title='bbox 480 782 513 842; x_wconf 93' lang='lat' dir='ltr'><strong>et</strong></span> <span class='ocrx_word' id='word_1_31' title='bbox 535 780 643 843; x_wconf 87' lang='lat' dir='ltr'><strong>mente</strong></span> <span class='ocrx_word' id='word_1_32' title='bbox 666 776 754 843; x_wconf 80' lang='lat' dir='ltr'><strong>aTa</strong></span> <span class='ocrx_word' id='word_1_33' title='bbox 777 776 986 842; x_wconf 70' lang='lat' dir='ltr'><strong>informatam</strong></span> <span class='ocrx_word' id='word_1_34' title='bbox 1010 781 1046 842; x_wconf 91' lang='lat' dir='ltr'><strong>et</strong></span> <span class='ocrx_word' id='word_1_35' title='bbox 1068 776 1233 844; x_wconf 78' lang='lat' dir='ltr'><strong>duraturis</strong></span> <span class='ocrx_word' id='word_1_36' title='bbox 1255 778 1355 843; x_wconf 73' lang='lat' dir='ltr'><strong>littere</strong></span> 
     </span>
    </p>

    <p class='ocr_par' dir='ltr' id='par_1_6' title="bbox 241 882 1358 971">
     <span class='ocr_line' id='line_1_6' title="bbox 241 882 1358 971; baseline -0.002 -19"><span class='ocrx_word' id='word_1_37' title='bbox 241 909 315 953; x_wconf 90' lang='lat' dir='ltr'><strong>rum</strong></span> <span class='ocrx_word' id='word_1_38' title='bbox 338 884 557 951; x_wconf 76' lang='lat' dir='ltr'><strong>monumentis</strong></span> <span class='ocrx_word' id='word_1_39' title='bbox 579 883 729 969; x_wconf 85' lang='lat' dir='ltr'><strong>plurimis</strong></span> <span class='ocrx_word' id='word_1_40' title='bbox 752 884 989 969; x_wconf 85' lang='lat' dir='ltr'><strong>consignatam,</strong></span> <span class='ocrx_word' id='word_1_41' title='bbox 1011 882 1090 951; x_wconf 91' lang='lat' dir='ltr'><strong>hinc</strong></span> <span class='ocrx_word' id='word_1_42' title='bbox 1109 889 1220 951; x_wconf 87' lang='lat' dir='ltr'><strong>autem</strong></span> <span class='ocrx_word' id='word_1_43' title='bbox 1238 886 1358 971; x_wconf 77' lang='lat' dir='ltr'><strong>progeni</strong></span> 
     </span>
    </p>

    <p class='ocr_par' dir='ltr' id='par_1_7' title="bbox 240 990 1360 1078">
     <span class='ocr_line' id='line_1_7' title="bbox 240 990 1360 1078; baseline -0.001 -20"><span class='ocrx_word' id='word_1_44' title='bbox 240 998 311 1058; x_wconf 87' lang='lat' dir='ltr'><strong>tam</strong></span> <span class='ocrx_word' id='word_1_45' title='bbox 330 991 531 1078; x_wconf 87' lang='lat' dir='ltr'><strong>philologiae</strong></span> <span class='ocrx_word' id='word_1_46' title='bbox 549 994 647 1076; x_wconf 83' lang='lat' dir='ltr'><strong>atque</strong></span> <span class='ocrx_word' id='word_1_47' title='bbox 666 990 913 1077; x_wconf 89' lang='lat' dir='ltr'><strong>archaeologiae</strong></span> <span class='ocrx_word' id='word_1_48' title='bbox 931 993 1175 1059; x_wconf 80' lang='lat' dir='ltr'><strong>consortionem</strong></span> <span class='ocrx_word' id='word_1_49' title='bbox 1193 991 1283 1058; x_wconf 90' lang='lat' dir='ltr'><strong>illam</strong></span> <span class='ocrx_word' id='word_1_50' title='bbox 1297 992 1360 1057; x_wconf 86' lang='lat' dir='ltr'><strong>frue·</strong></span> 
     </span>
    </p>

    <p class='ocr_par' dir='ltr' id='par_1_8' title="bbox 241 1097 1361 1191">
     <span class='ocr_line' id='line_1_8' title="bbox 241 1097 1361 1191; baseline 0 -26"><span class='ocrx_word' id='word_1_51' title='bbox 241 1100 472 1180; x_wconf 87' lang='lat' dir='ltr'><strong>tuosissimam,</strong></span> <span class='ocrx_word' id='word_1_52' title='bbox 495 1097 586 1163; x_wconf 89' lang='lat' dir='ltr'><strong>cuius</strong></span> <span class='ocrx_word' id='word_1_53' title='bbox 605 1097 839 1191; x_wconf 82' lang='lat' dir='ltr'><strong>perplurimos</strong></span> <span class='ocrx_word' id='word_1_54' title='bbox 862 1119 965 1163; x_wconf 89' lang='lat' dir='ltr'><strong>annos</strong></span> <span class='ocrx_word' id='word_1_55' title='bbox 987 1098 1121 1165; x_wconf 88' lang='lat' dir='ltr'><strong>unicum</strong></span> <span class='ocrx_word' id='word_1_56' title='bbox 1138 1100 1300 1185; x_wconf 86' lang='lat' dir='ltr'><strong>exemplar</strong></span> <span class='ocrx_word' id='word_1_57' title='bbox 1313 1101 1361 1165; x_wconf 89' lang='lat' dir='ltr'><strong>eni·</strong></span> 
     </span>
    </p>

    <p class='ocr_par' dir='ltr' id='par_1_9' title="bbox 241 1204 1373 3643">
     <span class='ocr_line' id='line_1_9' title="bbox 241 1204 1363 1289; baseline 0.002 -18"><span class='ocrx_word' id='word_1_58' title='bbox 241 1206 350 1271; x_wconf 89' lang='lat' dir='ltr'><strong>tuisti:</strong></span> <span class='ocrx_word' id='word_1_59' title='bbox 418 1204 652 1289; x_wconf 87' lang='lat' dir='ltr'><strong>praedicabunt</strong></span> <span class='ocrx_word' id='word_1_60' title='bbox 675 1204 791 1269; x_wconf 91' lang='lat' dir='ltr'><strong>talium</strong></span> <span class='ocrx_word' id='word_1_61' title='bbox 814 1204 995 1271; x_wconf 90' lang='lat' dir='ltr'><strong>studiorum</strong></span> <span class='ocrx_word' id='word_1_62' title='bbox 1014 1206 1211 1273; x_wconf 82' lang='lat' dir='ltr'><strong>salubritate</strong></span> <span class='ocrx_word' id='word_1_63' title='bbox 1227 1207 1363 1273; x_wconf 85' lang='lat' dir='ltr'><strong>imbutan</strong></span> 
     </span>
     <span class='ocr_line' id='line_1_10' title="bbox 242 1310 1366 1398; baseline 0.002 -21"><span class='ocrx_word' id='word_1_64' title='bbox 242 1312 476 1396; x_wconf 89' lang='lat' dir='ltr'><strong>discipulorum</strong></span> <span class='ocrx_word' id='word_1_65' title='bbox 502 1310 732 1397; x_wconf 86' lang='lat' dir='ltr'><strong>frequentiam,</strong></span> <span class='ocrx_word' id='word_1_66' title='bbox 763 1310 840 1377; x_wconf 85' lang='lat' dir='ltr'><strong>Tvo</strong></span> <span class='ocrx_word' id='word_1_67' title='bbox 869 1313 1018 1397; x_wconf 85' lang='lat' dir='ltr'><strong>exemplo</strong></span> <span class='ocrx_word' id='word_1_68' title='bbox 1047 1312 1309 1398; x_wconf 90' lang='lat' dir='ltr'><strong>splendidissime</strong></span> <span class='ocrx_word' id='word_1_69' title='bbox 1327 1316 1366 1379; x_wconf 80' lang='lat' dir='ltr'><strong>vel</strong></span> 
     </span>
     <span class='ocr_line' id='line_1_11' title="bbox 241 1417 1367 1487; baseline 0.002 -4"><span class='ocrx_word' id='word_1_70' title='bbox 241 1419 370 1485; x_wconf 87' lang='lat' dir='ltr'><strong>litteras</strong></span> <span class='ocrx_word' id='word_1_71' title='bbox 403 1418 588 1483; x_wconf 86' lang='lat' dir='ltr'><strong>ornantium</strong></span> <span class='ocrx_word' id='word_1_72' title='bbox 620 1419 672 1483; x_wconf 83' lang='lat' dir='ltr'><strong>rel</strong></span> <span class='ocrx_word' id='word_1_73' title='bbox 703 1417 904 1484; x_wconf 84' lang='lat' dir='ltr'><strong>iuventutem</strong></span> <span class='ocrx_word' id='word_1_74' title='bbox 937 1418 1121 1487; x_wconf 88' lang='lat' dir='ltr'><strong>liberaliter</strong></span> <span class='ocrx_word' id='word_1_75' title='bbox 1148 1420 1367 1486; x_wconf 80' lang='lat' dir='ltr'><strong>instituentium</strong></span> 
     </span>
     <span class='ocr_line' id='line_1_12' title="bbox 243 1524 1367 1611; baseline 0.002 -20"><span class='ocrx_word' id='word_1_76' title='bbox 243 1526 293 1592; x_wconf 85' lang='lat' dir='ltr'><strong>vel</strong></span> <span class='ocrx_word' id='word_1_77' title='bbox 312 1525 454 1611; x_wconf 86' lang='lat' dir='ltr'><strong>aliquam</strong></span> <span class='ocrx_word' id='word_1_78' title='bbox 473 1528 601 1610; x_wconf 87' lang='lat' dir='ltr'><strong>partem</strong></span> <span class='ocrx_word' id='word_1_79' title='bbox 620 1524 770 1609; x_wconf 90' lang='lat' dir='ltr'><strong>publicae</strong></span> <span class='ocrx_word' id='word_1_80' title='bbox 788 1524 905 1591; x_wconf 90' lang='lat' dir='ltr'><strong>salutis</strong></span> <span class='ocrx_word' id='word_1_81' title='bbox 923 1530 1054 1591; x_wconf 89' lang='lat' dir='ltr'><strong>strenue</strong></span> <span class='ocrx_word' id='word_1_82' title='bbox 1067 1526 1243 1593; x_wconf 82' lang='lat' dir='ltr'><strong>tuentium</strong></span> <span class='ocrx_word' id='word_1_83' title='bbox 1265 1526 1367 1593; x_wconf 84' lang='lat' dir='ltr'><strong>Verum</strong></span> 
     </span>
     <span class='ocr_line' id='line_1_13' title="bbox 242 1630 1370 1717; baseline 0.002 -19"><span class='ocrx_word' id='word_1_84' title='bbox 242 1636 295 1698; x_wconf 88' lang='lat' dir='ltr'><strong>tot</strong></span> <span class='ocrx_word' id='word_1_85' title='bbox 317 1637 472 1717; x_wconf 87' lang='lat' dir='ltr'><strong>tantaque</strong></span> <span class='ocrx_word' id='word_1_86' title='bbox 495 1631 651 1697; x_wconf 86' lang='lat' dir='ltr'><strong>beneficia</strong></span> <span class='ocrx_word' id='word_1_87' title='bbox 673 1630 757 1716; x_wconf 92' lang='lat' dir='ltr'><strong>quod</strong></span> <span class='ocrx_word' id='word_1_88' title='bbox 777 1631 912 1697; x_wconf 84' lang='lat' dir='ltr'><strong>voluisti</strong></span> <span class='ocrx_word' id='word_1_89' title='bbox 930 1632 971 1697; x_wconf 89' lang='lat' dir='ltr'><strong>ad</strong></span> <span class='ocrx_word' id='word_1_90' title='bbox 988 1631 1073 1698; x_wconf 89' lang='lat' dir='ltr'><strong>hanc</strong></span> <span class='ocrx_word' id='word_1_91' title='bbox 1093 1632 1301 1717; x_wconf 89' lang='lat' dir='ltr'><strong>potissimum</strong></span> <span class='ocrx_word' id='word_1_92' title='bbox 1316 1636 1370 1700; x_wconf 91' lang='lat' dir='ltr'><strong>nni·</strong></span> 
     </span>
     <span class='ocr_line' id='line_1_14' title="bbox 244 1736 1370 1826; baseline 0.002 -21"><span class='ocrx_word' id='word_1_93' title='bbox 244 1741 434 1806; x_wconf 86' lang='lat' dir='ltr'><strong>versitatem</strong></span> <span class='ocrx_word' id='word_1_94' title='bbox 453 1737 663 1804; x_wconf 71' lang='lat' dir='ltr'><strong>fridericiam</strong></span> <span class='ocrx_word' id='word_1_95' title='bbox 678 1736 888 1804; x_wconf 83' lang='lat' dir='ltr'><strong>Guilelmian&#39;r</strong></span> <span class='ocrx_word' id='word_1_96' title='bbox 906 1738 1100 1805; x_wconf 84' lang='lat' dir='ltr'><strong>Rhenanam</strong></span> <span class='ocrx_word' id='word_1_97' title='bbox 1123 1740 1312 1826; x_wconf 85' lang='lat' dir='ltr'><strong>redundare,</strong></span> <span class='ocrx_word' id='word_1_98' title='bbox 1331 1742 1370 1807; x_wconf 85' lang='lat' dir='ltr'><strong>eui</strong></span> 
     </span>
     <span class='ocr_line' id='line_1_15' title="bbox 242 1846 1371 1934; baseline 0.002 -23"><span class='ocrx_word' id='word_1_99' title='bbox 242 1870 300 1931; x_wconf 90' lang='lat' dir='ltr'><strong>per</strong></span> <span class='ocrx_word' id='word_1_100' title='bbox 328 1846 555 1930; x_wconf 90' lang='lat' dir='ltr'><strong>longissimum</strong></span> <span class='ocrx_word' id='word_1_101' title='bbox 583 1846 668 1910; x_wconf 90' lang='lat' dir='ltr'><strong>vitae</strong></span> <span class='ocrx_word' id='word_1_102' title='bbox 697 1846 839 1929; x_wconf 87' lang='lat' dir='ltr'><strong>spatium</strong></span> <span class='ocrx_word' id='word_1_103' title='bbox 868 1846 978 1912; x_wconf 91' lang='lat' dir='ltr'><strong>decori</strong></span> <span class='ocrx_word' id='word_1_104' title='bbox 1004 1851 1039 1913; x_wconf 91' lang='lat' dir='ltr'><strong>et</strong></span> <span class='ocrx_word' id='word_1_105' title='bbox 1064 1846 1186 1913; x_wconf 89' lang='lat' dir='ltr'><strong>honori</strong></span> <span class='ocrx_word' id='word_1_106' title='bbox 1213 1848 1248 1913; x_wconf 92' lang='lat' dir='ltr'><strong>in</strong></span> <span class='ocrx_word' id='word_1_107' title='bbox 1274 1850 1371 1934; x_wconf 83' lang='lat' dir='ltr'><strong>primis</strong></span> 
     </span>
     <span class='ocr_line' id='line_1_16' title="bbox 242 1951 1371 2040; baseline 0.004 -23"><span class='ocrx_word' id='word_1_108' title='bbox 242 1951 349 2035; x_wconf 88' lang='lat' dir='ltr'><strong>fuisti,</strong></span> <span class='ocrx_word' id='word_1_109' title='bbox 370 1951 403 2016; x_wconf 92' lang='lat' dir='ltr'><strong>id</strong></span> <span class='ocrx_word' id='word_1_110' title='bbox 426 1972 503 2017; x_wconf 87' lang='lat' dir='ltr'><strong>vero</strong></span> <span class='ocrx_word' id='word_1_111' title='bbox 525 1952 630 2016; x_wconf 86' lang='lat' dir='ltr'><strong>nostri</strong></span> <span class='ocrx_word' id='word_1_112' title='bbox 653 1971 724 2017; x_wconf 88' lang='lat' dir='ltr'><strong>esse</strong></span> <span class='ocrx_word' id='word_1_113' title='bbox 747 1951 846 2017; x_wconf 88' lang='lat' dir='ltr'><strong>officii</strong></span> <span class='ocrx_word' id='word_1_114' title='bbox 868 1952 1091 2038; x_wconf 89' lang='lat' dir='ltr'><strong>intellegimus</strong></span> <span class='ocrx_word' id='word_1_115' title='bbox 1113 1958 1210 2020; x_wconf 87' lang='lat' dir='ltr'><strong>tanta</strong></span> <span class='ocrx_word' id='word_1_116' title='bbox 1232 1960 1371 2040; x_wconf 78' lang='lat' dir='ltr'><strong>quantun</strong></span> 
     </span>
     <span class='ocr_line' id='line_1_17' title="bbox 243 2057 1371 2145; baseline 0.004 -22"><span class='ocrx_word' id='word_1_117' title='bbox 243 2079 379 2143; x_wconf 91' lang='lat' dir='ltr'><strong>cumque</strong></span> <span class='ocrx_word' id='word_1_118' title='bbox 402 2060 535 2142; x_wconf 90' lang='lat' dir='ltr'><strong>pectora</strong></span> <span class='ocrx_word' id='word_1_119' title='bbox 552 2064 667 2123; x_wconf 89' lang='lat' dir='ltr'><strong>nostra</strong></span> <span class='ocrx_word' id='word_1_120' title='bbox 685 2057 819 2144; x_wconf 89' lang='lat' dir='ltr'><strong>capiunt</strong></span> <span class='ocrx_word' id='word_1_121' title='bbox 837 2058 1044 2125; x_wconf 84' lang='lat' dir='ltr'><strong>observantia</strong></span> <span class='ocrx_word' id='word_1_122' title='bbox 1062 2064 1163 2145; x_wconf 89' lang='lat' dir='ltr'><strong>atque</strong></span> <span class='ocrx_word' id='word_1_123' title='bbox 1181 2063 1371 2129; x_wconf 86' lang='lat' dir='ltr'><strong>veneratione</strong></span> 
     </span>
     <span class='ocr_line' id='line_1_18' title="bbox 243 2164 1371 2250; baseline 0.004 -19"><span class='ocrx_word' id='word_1_124' title='bbox 243 2165 405 2250; x_wconf 89' lang='lat' dir='ltr'><strong>prosequi.</strong></span> <span class='ocrx_word' id='word_1_125' title='bbox 456 2164 518 2243; x_wconf 83' lang='lat' dir='ltr'><strong>Qui</strong></span> <span class='ocrx_word' id='word_1_126' title='bbox 546 2187 619 2231; x_wconf 90' lang='lat' dir='ltr'><strong>cum</strong></span> <span class='ocrx_word' id='word_1_127' title='bbox 647 2166 893 2231; x_wconf 83' lang='lat' dir='ltr'><strong>contentionum</strong></span> <span class='ocrx_word' id='word_1_128' title='bbox 922 2166 1052 2233; x_wconf 87' lang='lat' dir='ltr'><strong>illarum</strong></span> <span class='ocrx_word' id='word_1_129' title='bbox 1080 2165 1371 2235; x_wconf 75' lang='lat' dir='ltr'><strong>honestissimarum</strong></span> 
     </span>
     <span class='ocr_line' id='line_1_19' title="bbox 243 2271 1372 2361; baseline 0.001 -23"><span class='ocrx_word' id='word_1_130' title='bbox 243 2274 367 2338; x_wconf 89' lang='lat' dir='ltr'><strong>fructus</strong></span> <span class='ocrx_word' id='word_1_131' title='bbox 397 2272 576 2338; x_wconf 89' lang='lat' dir='ltr'><strong>uberrimos</strong></span> <span class='ocrx_word' id='word_1_132' title='bbox 604 2295 642 2338; x_wconf 87' lang='lat' dir='ltr'><strong>ex</strong></span> <span class='ocrx_word' id='word_1_133' title='bbox 671 2273 781 2338; x_wconf 92' lang='lat' dir='ltr'><strong>animo</strong></span> <span class='ocrx_word' id='word_1_134' title='bbox 804 2271 879 2339; x_wconf 77' lang='lat' dir='ltr'><strong>Tim</strong></span> <span class='ocrx_word' id='word_1_135' title='bbox 904 2274 1117 2359; x_wconf 87' lang='lat' dir='ltr'><strong>gratulamur,</strong></span> <span class='ocrx_word' id='word_1_136' title='bbox 1140 2275 1243 2341; x_wconf 88' lang='lat' dir='ltr'><strong>etiam</strong></span> <span class='ocrx_word' id='word_1_137' title='bbox 1265 2274 1372 2361; x_wconf 90' lang='lat' dir='ltr'><strong>impen-</strong></span> 
     </span>
     <span class='ocr_line' id='line_1_20' title="bbox 244 2379 1373 2468; baseline 0.002 -23"><span class='ocrx_word' id='word_1_138' title='bbox 244 2380 311 2447; x_wconf 88' lang='lat' dir='ltr'><strong>sius</strong></span> <span class='ocrx_word' id='word_1_139' title='bbox 342 2379 506 2445; x_wconf 89' lang='lat' dir='ltr'><strong>nobismet</strong></span> <span class='ocrx_word' id='word_1_140' title='bbox 538 2380 618 2464; x_wconf 88' lang='lat' dir='ltr'><strong>ipsis</strong></span> <span class='ocrx_word' id='word_1_141' title='bbox 652 2402 722 2445; x_wconf 88' lang='lat' dir='ltr'><strong>esse</strong></span> <span class='ocrx_word' id='word_1_142' title='bbox 754 2380 986 2466; x_wconf 86' lang='lat' dir='ltr'><strong>gratulandum</strong></span> <span class='ocrx_word' id='word_1_143' title='bbox 1014 2381 1190 2466; x_wconf 87' lang='lat' dir='ltr'><strong>sentimus,</strong></span> <span class='ocrx_word' id='word_1_144' title='bbox 1221 2404 1304 2468; x_wconf 90' lang='lat' dir='ltr'><strong>quos</strong></span> <span class='ocrx_word' id='word_1_145' title='bbox 1327 2402 1373 2467; x_wconf 89' lang='lat' dir='ltr'><strong>per</strong></span> 
     </span>
     <span class='ocr_line' id='line_1_21' title="bbox 243 2486 1373 2573; baseline -0.001 -19"><span class='ocrx_word' id='word_1_146' title='bbox 243 2495 318 2554; x_wconf 88' lang='lat' dir='ltr'><strong>octo</strong></span> <span class='ocrx_word' id='word_1_147' title='bbox 343 2488 519 2553; x_wconf 88' lang='lat' dir='ltr'><strong>lustrorum</strong></span> <span class='ocrx_word' id='word_1_148' title='bbox 541 2486 776 2552; x_wconf 85' lang='lat' dir='ltr'><strong>faustissimam</strong></span> <span class='ocrx_word' id='word_1_149' title='bbox 800 2486 1050 2553; x_wconf 83' lang='lat' dir='ltr'><strong>continuitatem</strong></span> <span class='ocrx_word' id='word_1_150' title='bbox 1073 2487 1269 2573; x_wconf 90' lang='lat' dir='ltr'><strong>multiplicis</strong></span> <span class='ocrx_word' id='word_1_151' title='bbox 1290 2489 1373 2553; x_wconf 78' lang='lat' dir='ltr'><strong>virtu·</strong></span> 
     </span>
     <span class='ocr_line' id='line_1_22' title="bbox 244 2593 1371 2679; baseline 0.001 -20"><span class='ocrx_word' id='word_1_152' title='bbox 244 2597 286 2660; x_wconf 88' lang='lat' dir='ltr'><strong>tis</strong></span> <span class='ocrx_word' id='word_1_153' title='bbox 310 2595 474 2679; x_wconf 84' lang='lat' dir='ltr'><strong>gratiaco</strong></span> <span class='ocrx_word' id='word_1_154' title='bbox 493 2593 692 2678; x_wconf 86' lang='lat' dir='ltr'><strong>praestantia</strong></span> <span class='ocrx_word' id='word_1_155' title='bbox 711 2593 946 2658; x_wconf 87' lang='lat' dir='ltr'><strong>incredibiliter</strong></span> <span class='ocrx_word' id='word_1_156' title='bbox 965 2593 1173 2660; x_wconf 88' lang='lat' dir='ltr'><strong>demerueris.</strong></span> <span class='ocrx_word' id='word_1_157' title='bbox 1203 2594 1291 2660; x_wconf 88' lang='lat' dir='ltr'><strong>Nam</strong></span> <span class='ocrx_word' id='word_1_158' title='bbox 1313 2618 1371 2660; x_wconf 86' lang='lat' dir='ltr'><strong>eon-</strong></span> 
     </span>
     <span class='ocr_line' id='line_1_23' title="bbox 245 2700 1372 2785; baseline -0.001 -19"><span class='ocrx_word' id='word_1_159' title='bbox 245 2703 319 2785; x_wconf 80' lang='lat' dir='ltr'><strong>lega</strong></span> <span class='ocrx_word' id='word_1_160' title='bbox 345 2700 441 2765; x_wconf 90' lang='lat' dir='ltr'><strong>nobis</strong></span> <span class='ocrx_word' id='word_1_161' title='bbox 463 2721 640 2785; x_wconf 88' lang='lat' dir='ltr'><strong>numquam</strong></span> <span class='ocrx_word' id='word_1_162' title='bbox 663 2721 729 2764; x_wconf 89' lang='lat' dir='ltr'><strong>non</strong></span> <span class='ocrx_word' id='word_1_163' title='bbox 753 2700 862 2764; x_wconf 66' lang='lat' dir='ltr'><strong>strevis</strong></span> <span class='ocrx_word' id='word_1_164' title='bbox 887 2705 920 2764; x_wconf 90' lang='lat' dir='ltr'><strong>et</strong></span> <span class='ocrx_word' id='word_1_165' title='bbox 943 2700 1051 2784; x_wconf 89' lang='lat' dir='ltr'><strong>fortis,</strong></span> <span class='ocrx_word' id='word_1_166' title='bbox 1085 2707 1218 2767; x_wconf 87' lang='lat' dir='ltr'><strong>sanetus</strong></span> <span class='ocrx_word' id='word_1_167' title='bbox 1244 2710 1276 2767; x_wconf 87' lang='lat' dir='ltr'><strong>et</strong></span> <span class='ocrx_word' id='word_1_168' title='bbox 1298 2702 1372 2767; x_wconf 83' lang='lat' dir='ltr'><strong>intel·</strong></span> 
     </span>
     <span class='ocr_line' id='line_1_24' title="bbox 245 2806 1371 2894; baseline -0.001 -22"><span class='ocrx_word' id='word_1_169' title='bbox 245 2811 369 2894; x_wconf 88' lang='lat' dir='ltr'><strong>legens,</strong></span> <span class='ocrx_word' id='word_1_170' title='bbox 402 2829 466 2871; x_wconf 90' lang='lat' dir='ltr'><strong>non</strong></span> <span class='ocrx_word' id='word_1_171' title='bbox 499 2806 738 2891; x_wconf 89' lang='lat' dir='ltr'><strong>philologorum</strong></span> <span class='ocrx_word' id='word_1_172' title='bbox 773 2811 902 2871; x_wconf 88' lang='lat' dir='ltr'><strong>tantum</strong></span> <span class='ocrx_word' id='word_1_173' title='bbox 937 2807 1053 2872; x_wconf 89' lang='lat' dir='ltr'><strong>studiis</strong></span> <span class='ocrx_word' id='word_1_174' title='bbox 1087 2814 1201 2874; x_wconf 88' lang='lat' dir='ltr'><strong>auctor</strong></span> <span class='ocrx_word' id='word_1_175' title='bbox 1235 2807 1371 2875; x_wconf 82' lang='lat' dir='ltr'><strong>exstitisti</strong></span> 
     </span>
     <span class='ocr_line' id='line_1_25' title="bbox 245 2914 1371 3002; baseline -0.002 -22"><span class='ocrx_word' id='word_1_176' title='bbox 245 2916 470 3002; x_wconf 83' lang='lat' dir='ltr'><strong>gravissimus,</strong></span> <span class='ocrx_word' id='word_1_177' title='bbox 498 2914 553 2977; x_wconf 89' lang='lat' dir='ltr'><strong>sed</strong></span> <span class='ocrx_word' id='word_1_178' title='bbox 582 2914 769 2999; x_wconf 86' lang='lat' dir='ltr'><strong>disciplinas</strong></span> <span class='ocrx_word' id='word_1_179' title='bbox 798 2914 966 2979; x_wconf 83' lang='lat' dir='ltr'><strong>universas</strong></span> <span class='ocrx_word' id='word_1_180' title='bbox 990 2915 1136 2980; x_wconf 88' lang='lat' dir='ltr'><strong>consiliis</strong></span> <span class='ocrx_word' id='word_1_181' title='bbox 1160 2922 1194 2980; x_wconf 89' lang='lat' dir='ltr'><strong>et</strong></span> <span class='ocrx_word' id='word_1_182' title='bbox 1218 2916 1371 3000; x_wconf 87' lang='lat' dir='ltr'><strong>sapientis·</strong></span> 
     </span>
     <span class='ocr_line' id='line_1_26' title="bbox 246 3020 1371 3107; baseline 0.002 -22"><span class='ocrx_word' id='word_1_183' title='bbox 246 3021 336 3085; x_wconf 90' lang='lat' dir='ltr'><strong>simis</strong></span> <span class='ocrx_word' id='word_1_184' title='bbox 360 3027 393 3086; x_wconf 90' lang='lat' dir='ltr'><strong>et</strong></span> <span class='ocrx_word' id='word_1_185' title='bbox 416 3021 648 3086; x_wconf 87' lang='lat' dir='ltr'><strong>sollertissimis</strong></span> <span class='ocrx_word' id='word_1_186' title='bbox 671 3026 704 3084; x_wconf 90' lang='lat' dir='ltr'><strong>et</strong></span> <span class='ocrx_word' id='word_1_187' title='bbox 722 3020 1037 3086; x_wconf 89' lang='lat' dir='ltr'><strong>benevolentissimis</strong></span> <span class='ocrx_word' id='word_1_188' title='bbox 1056 3024 1226 3107; x_wconf 86' lang='lat' dir='ltr'><strong>amplexus</strong></span> <span class='ocrx_word' id='word_1_189' title='bbox 1247 3026 1371 3089; x_wconf 87' lang='lat' dir='ltr'><strong>omniun</strong></span> 
     </span>
     <span class='ocr_line' id='line_1_27' title="bbox 245 3126 1372 3215; baseline 0.001 -24"><span class='ocrx_word' id='word_1_190' title='bbox 245 3129 459 3193; x_wconf 86' lang='lat' dir='ltr'><strong>instrumenta</strong></span> <span class='ocrx_word' id='word_1_191' title='bbox 483 3128 607 3212; x_wconf 85' lang='lat' dir='ltr'><strong>parasti</strong></span> <span class='ocrx_word' id='word_1_192' title='bbox 635 3126 817 3191; x_wconf 85' lang='lat' dir='ltr'><strong>lautissima</strong></span> <span class='ocrx_word' id='word_1_193' title='bbox 840 3127 1034 3212; x_wconf 88' lang='lat' dir='ltr'><strong>publicoque</strong></span> <span class='ocrx_word' id='word_1_194' title='bbox 1057 3131 1130 3194; x_wconf 91' lang='lat' dir='ltr'><strong>usui</strong></span> <span class='ocrx_word' id='word_1_195' title='bbox 1155 3128 1372 3215; x_wconf 87' lang='lat' dir='ltr'><strong>opportunissi-</strong></span> 
     </span>
     <span class='ocr_line' id='line_1_28' title="bbox 245 3233 1371 3317; baseline 0 -18"><span class='ocrx_word' id='word_1_196' title='bbox 245 3255 297 3299; x_wconf 90' lang='lat' dir='ltr'><strong>me</strong></span> <span class='ocrx_word' id='word_1_197' title='bbox 320 3234 480 3317; x_wconf 86' lang='lat' dir='ltr'><strong>patentia:</strong></span> <span class='ocrx_word' id='word_1_198' title='bbox 509 3256 567 3300; x_wconf 86' lang='lat' dir='ltr'><strong>nee</strong></span> <span class='ocrx_word' id='word_1_199' title='bbox 590 3233 656 3299; x_wconf 92' lang='lat' dir='ltr'><strong>ullo</strong></span> <span class='ocrx_word' id='word_1_200' title='bbox 680 3234 775 3299; x_wconf 90' lang='lat' dir='ltr'><strong>modo</strong></span> <span class='ocrx_word' id='word_1_201' title='bbox 800 3235 976 3299; x_wconf 88' lang='lat' dir='ltr'><strong>substitisti</strong></span> <span class='ocrx_word' id='word_1_202' title='bbox 999 3235 1033 3299; x_wconf 91' lang='lat' dir='ltr'><strong>in</strong></span> <span class='ocrx_word' id='word_1_203' title='bbox 1051 3236 1174 3301; x_wconf 89' lang='lat' dir='ltr'><strong>litteris</strong></span> <span class='ocrx_word' id='word_1_204' title='bbox 1193 3237 1371 3301; x_wconf 88' lang='lat' dir='ltr'><strong>litterarum·</strong></span> 
     </span>
     <span class='ocr_line' id='line_1_29' title="bbox 246 3341 1370 3426; baseline 0 -22"><span class='ocrx_word' id='word_1_205' title='bbox 246 3363 307 3425; x_wconf 91' lang='lat' dir='ltr'><strong>que</strong></span> <span class='ocrx_word' id='word_1_206' title='bbox 332 3341 445 3405; x_wconf 89' lang='lat' dir='ltr'><strong>studiis</strong></span> <span class='ocrx_word' id='word_1_207' title='bbox 469 3341 623 3426; x_wconf 88' lang='lat' dir='ltr'><strong>augendis</strong></span> <span class='ocrx_word' id='word_1_208' title='bbox 646 3341 874 3425; x_wconf 84' lang='lat' dir='ltr'><strong>promovendis</strong></span> <span class='ocrx_word' id='word_1_209' title='bbox 898 3341 1119 3425; x_wconf 79' lang='lat' dir='ltr'><strong>sublevandis,</strong></span> <span class='ocrx_word' id='word_1_210' title='bbox 1148 3343 1205 3408; x_wconf 90' lang='lat' dir='ltr'><strong>sed</strong></span> <span class='ocrx_word' id='word_1_211' title='bbox 1235 3344 1317 3408; x_wconf 91' lang='lat' dir='ltr'><strong>idem</strong></span> <span class='ocrx_word' id='word_1_212' title='bbox 1336 3341 1370 3423; x_wconf 90' lang='lat' dir='ltr'><strong>ip·</strong></span> 
     </span>
     <span class='ocr_line' id='line_1_30' title="bbox 246 3447 1370 3533; baseline -0.003 -21"><span class='ocrx_word' id='word_1_213' title='bbox 246 3448 314 3512; x_wconf 87' lang='lat' dir='ltr'><strong>sius</strong></span> <span class='ocrx_word' id='word_1_214' title='bbox 344 3448 565 3512; x_wconf 84' lang='lat' dir='ltr'><strong>universitatis</strong></span> <span class='ocrx_word' id='word_1_215' title='bbox 602 3448 740 3512; x_wconf 88' lang='lat' dir='ltr'><strong>salutem</strong></span> <span class='ocrx_word' id='word_1_216' title='bbox 771 3447 963 3533; x_wconf 84' lang='lat' dir='ltr'><strong>dignitatem</strong></span> <span class='ocrx_word' id='word_1_217' title='bbox 994 3451 1225 3515; x_wconf 88' lang='lat' dir='ltr'><strong>auctoritatem</strong></span> <span class='ocrx_word' id='word_1_218' title='bbox 1258 3451 1370 3533; x_wconf 84' lang='lat' dir='ltr'><strong>eiusque</strong></span> 
     </span>
     <span class='ocr_line' id='line_1_31' title="bbox 245 3554 1368 3643; baseline -0.001 -25"><span class='ocrx_word' id='word_1_219' title='bbox 245 3556 335 3640; x_wconf 80' lang='lat' dir='ltr'><strong>leges</strong></span> <span class='ocrx_word' id='word_1_220' title='bbox 364 3578 400 3619; x_wconf 85' lang='lat' dir='ltr'><strong>ac</strong></span> <span class='ocrx_word' id='word_1_221' title='bbox 425 3556 496 3619; x_wconf 88' lang='lat' dir='ltr'><strong>iura</strong></span> <span class='ocrx_word' id='word_1_222' title='bbox 518 3577 577 3637; x_wconf 89' lang='lat' dir='ltr'><strong>pre</strong></span> <span class='ocrx_word' id='word_1_223' title='bbox 601 3554 685 3618; x_wconf 89' lang='lat' dir='ltr'><strong>virili</strong></span> <span class='ocrx_word' id='word_1_224' title='bbox 709 3558 801 3638; x_wconf 90' lang='lat' dir='ltr'><strong>parte</strong></span> <span class='ocrx_word' id='word_1_225' title='bbox 825 3557 1016 3620; x_wconf 89' lang='lat' dir='ltr'><strong>sustentasti</strong></span> <span class='ocrx_word' id='word_1_226' title='bbox 1040 3556 1292 3643; x_wconf 85' lang='lat' dir='ltr'><strong>vindicastique:</strong></span> <span class='ocrx_word' id='word_1_227' title='bbox 1324 3574 1368 3618; x_wconf 83' lang='lat' dir='ltr'><strong>nee</strong></span> 
     </span>
    </p>

    <p class='ocr_par' dir='ltr' id='par_1_10' title="bbox 247 3660 1367 3747">
     <span class='ocr_line' id='line_1_32' title="bbox 247 3660 1367 3747; baseline -0.005 -20"><span class='ocrx_word' id='word_1_228' title='bbox 247 3660 463 3727; x_wconf 85' lang='lat' dir='ltr'><strong>academicam</strong></span> <span class='ocrx_word' id='word_1_229' title='bbox 483 3665 611 3724; x_wconf 87' lang='lat' dir='ltr'><strong>tantum</strong></span> <span class='ocrx_word' id='word_1_230' title='bbox 631 3661 881 3745; x_wconf 88' lang='lat' dir='ltr'><strong>rempublicam</strong></span> <span class='ocrx_word' id='word_1_231' title='bbox 901 3661 973 3725; x_wconf 92' lang='lat' dir='ltr'><strong>sinu</strong></span> <span class='ocrx_word' id='word_1_232' title='bbox 991 3661 1112 3747; x_wconf 81' lang='lat' dir='ltr'><strong>fovisti,</strong></span> <span class='ocrx_word' id='word_1_233' title='bbox 1132 3664 1188 3728; x_wconf 89' lang='lat' dir='ltr'><strong>sed</strong></span> <span class='ocrx_word' id='word_1_234' title='bbox 1210 3660 1367 3729; x_wconf 81' lang='lat' dir='ltr'><strong>commmis</strong></span> 
     </span>
    </p>

    <p class='ocr_par' dir='ltr' id='par_1_11' title="bbox 184 3767 1388 4493">
     <span class='ocr_line' id='line_1_33' title="bbox 247 3767 1370 3855; baseline -0.001 -24"><span class='ocrx_word' id='word_1_235' title='bbox 247 3768 374 3852; x_wconf 83' lang='lat' dir='ltr'><strong>patriae</strong></span> <span class='ocrx_word' id='word_1_236' title='bbox 397 3767 510 3831; x_wconf 85' lang='lat' dir='ltr'><strong>florem</strong></span> <span class='ocrx_word' id='word_1_237' title='bbox 538 3771 572 3831; x_wconf 89' lang='lat' dir='ltr'><strong>et</strong></span> <span class='ocrx_word' id='word_1_238' title='bbox 594 3789 674 3832; x_wconf 90' lang='lat' dir='ltr'><strong>sana</strong></span> <span class='ocrx_word' id='word_1_239' title='bbox 697 3767 851 3832; x_wconf 87' lang='lat' dir='ltr'><strong>libertate</strong></span> <span class='ocrx_word' id='word_1_240' title='bbox 875 3768 1056 3834; x_wconf 89' lang='lat' dir='ltr'><strong>stabilitam</strong></span> <span class='ocrx_word' id='word_1_241' title='bbox 1080 3770 1222 3855; x_wconf 86' lang='lat' dir='ltr'><strong>gloriam</strong></span> <span class='ocrx_word' id='word_1_242' title='bbox 1245 3776 1309 3837; x_wconf 86' lang='lat' dir='ltr'><strong>tam</strong></span> <span class='ocrx_word' id='word_1_243' title='bbox 1328 3790 1370 3830; x_wconf 69' lang='lat' dir='ltr'><strong>ur</strong></span> 
     </span>
     <span class='ocr_line' id='line_1_34' title="bbox 247 3872 1380 3958; baseline -0.004 -19"><span class='ocrx_word' id='word_1_244' title='bbox 247 3876 290 3939; x_wconf 88' lang='lat' dir='ltr'><strong>tis</strong></span> <span class='ocrx_word' id='word_1_245' title='bbox 314 3874 444 3939; x_wconf 86' lang='lat' dir='ltr'><strong>coluisti</strong></span> <span class='ocrx_word' id='word_1_246' title='bbox 467 3872 702 3938; x_wconf 87' lang='lat' dir='ltr'><strong>ardentissimis</strong></span> <span class='ocrx_word' id='word_1_247' title='bbox 726 3895 822 3957; x_wconf 88' lang='lat' dir='ltr'><strong>quam</strong></span> <span class='ocrx_word' id='word_1_248' title='bbox 846 3873 1008 3938; x_wconf 90' lang='lat' dir='ltr'><strong>constanti</strong></span> <span class='ocrx_word' id='word_1_249' title='bbox 1033 3879 1066 3938; x_wconf 90' lang='lat' dir='ltr'><strong>et</strong></span> <span class='ocrx_word' id='word_1_250' title='bbox 1088 3878 1304 3958; x_wconf 87' lang='lat' dir='ltr'><strong>potentiorum</strong></span> <span class='ocrx_word' id='word_1_251' title='bbox 1322 3895 1380 3937; x_wconf 88' lang='lat' dir='ltr'><strong>nu·</strong></span> 
     </span>
     <span class='ocr_line' id='line_1_35' title="bbox 247 3979 1386 4066; baseline -0.004 -20"><span class='ocrx_word' id='word_1_252' title='bbox 247 3983 333 4047; x_wconf 87' lang='lat' dir='ltr'><strong>mine</strong></span> <span class='ocrx_word' id='word_1_253' title='bbox 357 4003 422 4045; x_wconf 92' lang='lat' dir='ltr'><strong>non</strong></span> <span class='ocrx_word' id='word_1_254' title='bbox 445 3979 635 4063; x_wconf 84' lang='lat' dir='ltr'><strong>perturbato</strong></span> <span class='ocrx_word' id='word_1_255' title='bbox 659 3980 766 4044; x_wconf 89' lang='lat' dir='ltr'><strong>animo</strong></span> <span class='ocrx_word' id='word_1_256' title='bbox 791 3980 876 4045; x_wconf 90' lang='lat' dir='ltr'><strong>alere</strong></span> <span class='ocrx_word' id='word_1_257' title='bbox 900 3984 996 4065; x_wconf 85' lang='lat' dir='ltr'><strong>atque</strong></span> <span class='ocrx_word' id='word_1_258' title='bbox 1020 3981 1204 4065; x_wconf 84' lang='lat' dir='ltr'><strong>defendere,</strong></span> <span class='ocrx_word' id='word_1_259' title='bbox 1231 3986 1386 4066; x_wconf 85' lang='lat' dir='ltr'><strong>quantum</strong></span> 
     </span>
     <span class='ocr_line' id='line_1_36' title="bbox 247 4086 1388 4171; baseline -0.004 -18"><span class='ocrx_word' id='word_1_260' title='bbox 247 4091 281 4153; x_wconf 91' lang='lat' dir='ltr'><strong>in</strong></span> <span class='ocrx_word' id='word_1_261' title='bbox 305 4089 355 4154; x_wconf 79' lang='grc' dir='ltr'><strong>ΤΕ</strong></span> <span class='ocrx_word' id='word_1_262' title='bbox 379 4091 463 4170; x_wconf 81' lang='lat' dir='ltr'><strong>erat,</strong></span> <span class='ocrx_word' id='word_1_263' title='bbox 485 4109 661 4171; x_wconf 87' lang='lat' dir='ltr'><strong>numquam</strong></span> <span class='ocrx_word' id='word_1_264' title='bbox 685 4086 889 4152; x_wconf 84' lang='lat' dir='ltr'><strong>dubitavisti:</strong></span> <span class='ocrx_word' id='word_1_265' title='bbox 917 4087 1055 4171; x_wconf 89' lang='lat' dir='ltr'><strong>denique</strong></span> <span class='ocrx_word' id='word_1_266' title='bbox 1079 4086 1229 4152; x_wconf 89' lang='lat' dir='ltr'><strong>candoris</strong></span> <span class='ocrx_word' id='word_1_267' title='bbox 1252 4092 1283 4151; x_wconf 89' lang='lat' dir='ltr'><strong>et</strong></span> <span class='ocrx_word' id='word_1_268' title='bbox 1302 4086 1388 4149; x_wconf 58' lang='lat' dir='ltr'><strong>inte</strong></span> 
     </span>
     <span class='ocr_line' id='line_1_37' title="bbox 247 4193 1387 4280; baseline 0 -21"><span class='ocrx_word' id='word_1_269' title='bbox 247 4196 387 4280; x_wconf 78' lang='lat' dir='ltr'><strong>gritatis,</strong></span> <span class='ocrx_word' id='word_1_270' title='bbox 411 4194 485 4258; x_wconf 88' lang='lat' dir='ltr'><strong>fidei</strong></span> <span class='ocrx_word' id='word_1_271' title='bbox 508 4215 546 4257; x_wconf 89' lang='lat' dir='ltr'><strong>ae</strong></span> <span class='ocrx_word' id='word_1_272' title='bbox 569 4194 738 4279; x_wconf 81' lang='lat' dir='ltr'><strong>religionis</strong></span> <span class='ocrx_word' id='word_1_273' title='bbox 761 4216 919 4278; x_wconf 90' lang='lat' dir='ltr'><strong>veraeque</strong></span> <span class='ocrx_word' id='word_1_274' title='bbox 943 4195 976 4258; x_wconf 91' lang='lat' dir='ltr'><strong>in</strong></span> <span class='ocrx_word' id='word_1_275' title='bbox 1000 4195 1114 4278; x_wconf 84' lang='lat' dir='ltr'><strong>quovis</strong></span> <span class='ocrx_word' id='word_1_276' title='bbox 1137 4216 1251 4279; x_wconf 86' lang='lat' dir='ltr'><strong>genere</strong></span> <span class='ocrx_word' id='word_1_277' title='bbox 1272 4193 1387 4259; x_wconf 78' lang='lat' dir='ltr'><strong>huma·</strong></span> 
     </span>
     <span class='ocr_line' id='line_1_38' title="bbox 184 4300 1383 4410; baseline 0 -45"><span class='ocrx_word' id='word_1_278' title='bbox 184 4380 200 4410; x_wconf 48' lang='grc' dir='ltr'><strong><em>ο</em></strong></span> <span class='ocrx_word' id='word_1_279' title='bbox 248 4303 360 4367; x_wconf 86' lang='lat' dir='ltr'><strong>uitatis</strong></span> <span class='ocrx_word' id='word_1_280' title='bbox 376 4301 559 4385; x_wconf 85' lang='lat' dir='ltr'><strong>exemplum</strong></span> <span class='ocrx_word' id='word_1_281' title='bbox 579 4301 664 4385; x_wconf 90' lang='lat' dir='ltr'><strong>quod</strong></span> <span class='ocrx_word' id='word_1_282' title='bbox 684 4301 921 4367; x_wconf 88' lang='lat' dir='ltr'><strong>aemularemur</strong></span> <span class='ocrx_word' id='word_1_283' title='bbox 940 4301 1069 4366; x_wconf 89' lang='lat' dir='ltr'><strong>edidisti</strong></span> <span class='ocrx_word' id='word_1_284' title='bbox 1087 4300 1383 4367; x_wconf 81' lang='lat' dir='ltr'><strong>luculentissimum.</strong></span> 
     </span>
     <span class='ocr_line' id='line_1_39' title="bbox 249 4402 1377 4493; baseline 0 -22"><span class='ocrx_word' id='word_1_285' title='bbox 249 4407 329 4471; x_wconf 86' lang='lat' dir='ltr'><strong>Tam</strong></span> <span class='ocrx_word' id='word_1_286' title='bbox 353 4408 454 4492; x_wconf 84' lang='lat' dir='ltr'><strong>igitur</strong></span> <span class='ocrx_word' id='word_1_287' title='bbox 477 4429 586 4472; x_wconf 87' lang='lat' dir='ltr'><strong>earum</strong></span> <span class='ocrx_word' id='word_1_288' title='bbox 615 4411 648 4471; x_wconf 88' lang='lat' dir='ltr'><strong>et</strong></span> <span class='ocrx_word' id='word_1_289' title='bbox 671 4408 764 4472; x_wconf 88' lang='lat' dir='ltr'><strong>nobis</strong></span> <span class='ocrx_word' id='word_1_290' title='bbox 789 4412 821 4473; x_wconf 88' lang='lat' dir='ltr'><strong>et</strong></span> <span class='ocrx_word' id='word_1_291' title='bbox 844 4408 970 4491; x_wconf 85' lang='lat' dir='ltr'><strong>patriae</strong></span> <span class='ocrx_word' id='word_1_292' title='bbox 994 4412 1092 4493; x_wconf 88' lang='lat' dir='ltr'><strong>caput</strong></span> <span class='ocrx_word' id='word_1_293' title='bbox 1115 4409 1164 4473; x_wconf 90' lang='lat' dir='ltr'><strong>uti</strong></span> <span class='ocrx_word' id='word_1_294' title='bbox 1187 4407 1265 4473; x_wconf 88' lang='lat' dir='ltr'><strong>Deus</strong></span> <span class='ocrx_word' id='word_1_295' title='bbox 1285 4402 1377 4488; x_wconf 79' lang='lat' dir='ltr'><strong>Ope·-</strong></span> 
     </span>
    </p>
   </div>
   <div class='ocr_carea' id='block_1_3' title="bbox 0 0 1434 5034">
    <p class='ocr_par' dir='ltr' id='par_1_12' title="bbox 0 0 1434 5034">
     <span class='ocr_line' id='line_1_40' title="bbox 0 0 1434 5034; baseline 0 0"><span class='ocrx_word' id='word_1_296' title='bbox 0 0 1434 5034; x_wconf 95' lang='lat' dir='ltr'><strong> </strong></span> 
     </span>
    </p>
   </div>
  </div>
 </body>
</html>
