2836 5034
442 350 708 403 mauronis
730 351 938 403 mrum.
1196 338 1263 405 343

154 493 338 561 semmam
364 492 558 581 probare*):
590 516 687 581 quam
709 494 850 562 formum
873 496 1030 580 strutio,
1062 518 1146 583 quae
1167 497 1203 563 in
1224 518 1263 563 co

153 620 239 685 gnere
257 601 408 667 universo
430 606 564 687 regnet,
591 606 703 668 tuetur
724 606 758 669 et
780 603 845 669 nisi
866 602 967 671 fallor
987 601 1129 670 Charisii
1153 608 1263 672 sucto-

153 706 210 773 ritss
227 708 338 775 tirmst
370 706 458 775 Nam
480 730 554 775 cnm
573 708 704 775 Caletos
725 696 912 797 genetivum
934 709 1187 796 Plautinnmque
1209 712 1264 779 ab·

151 808 255 880 htirurn
267 814 384 883 Oulclu
401 822 436 885 et
453 816 575 883 sinitis
597 838 672 883 cum
693 816 753 884 ilto
775 817 964 885 Priscianus
978 815 1026 883 VI
1044 817 1151 900 ptos
1174 819 1264 905 [239,

152 920 233 1003 loll]
253 926 286 987 et
308 922 435 991 Probus
458 923 604 989 Putschii
626 947 657 1008 p.
670 924 752 989 1467
780 922 971 1008 [24,141<.]
994 927 1163 1009 testentur,
1185 926 1263 1011 quid

149 1028 249 1095 mun
276 1051 348 1097 esse
374 1030 519 1097 dicamm
547 1030 633 1116 quod
659 1030 712 1097 his
735 1030 955 1097 dissimillima
976 1030 1096 1114 forma,
1125 1036 1159 1097 et
1180 1055 1264 1119 quae

147 1137 236 1202 veteris
257 1143 356 1223 utque
373 1138 526 1223 antiquae
543 1138 721 1204 latinitatis
739 1137 881 1223 speciem
898 1137 1110 1205 domesticam
1128 1139 1263 1207 minime

144 1232 247 1327 tter,
258 1242 397 1311 (lolem
409 1245 564 1312 miscetur
578 1242 720 1311 Charisii
733 1244 780 1310 l.l
794 1246 876 1330 pso
886 1242 1064 1328 [66,22Κ.]
1074 1244 1127 1319 his
1141 1248 1262 1315 verbis:

134 1340 349 1435 ,tunniunrur
368 1355 479 1418 tamen
502 1352 661 1438 quaedam
678 1353 851 1437 peregrine
869 1374 953 1437 quae
971 1373 1046 1418 cum
1062 1352 1262 1421 incremento

134 1442 262 1539 bhbse
284 1456 501 1543 declinantur,
523 1463 561 1525 ut
583 1456 722 1525 Calchas
745 1458 856 1525 Psllas
879 1457 976 1524 Atlas
999 1458 1114 1546 Gigas:
1136 1461 1263 1529 indunt

134 1560 204 1627 'uim
215 1560 405 1631 Calchantis
418 1564 578 1631 Pallantis
592 1563 948 1652 (solutissimum
966 1566 1116 1651 quamuis
1134 1570 1262 1656 antiqui

134 1668 335 1738 stPacuuius
357 1676 391 1739 et
412 1670 550 1738 Plautus
572 1671 710 1739 Ouidius
732 1672 857 1758 dicant,
878 1694 943 1739 non
967 1671 1262 1765 concnam)

134 1772 232 1862 lpage
258 1776 508 1845 declinationem
537 1800 557 1843 a
584 1778 762 1846 Pacuviani
791 1778 999 1866 Pleutinique
1026 1782 1186 1848 sermonis
1212 1782 1261 1850 in·

134 1880 191 1949 blc
210 1906 277 1951 non
295 1886 403 1952 minus
421 1908 520 1971 quam
538 1885 733 1972 graecanica
746 1884 950 1971 Pythuyoros
962 1888 1093 1955 Anemo
1110 1888 1262 1975 alienam,

134 1988 277 2077 niusque
299 1992 438 2059 lineolse
460 1992 646 2059 accessione
668 1992 869 2060 confidenter
889 2014 1009 2079 repone
1021 1993 1261 2063 Caletranu-

134 2098 264 2186 tsnique
291 2101 475 2167 vocativum
502 2100 620 2167 talium
647 2100 831 2184 nominum,
863 2101 960 2186 quale
990 2106 1042 2169 est
1067 2101 1262 2187 Otromides

134 2206 232 2293 ogavi
255 2206 297 2273 ad
320 2230 349 2274 v.
359 2208 422 2273 617
446 2208 481 2272 in
503 2228 519 2273 c
541 2206 629 2272 exire
651 2208 739 2291 apud
760 2206 923 2273 Picatum
955 2206 1056 2275 Orriua
1079 2212 1261 2278 sententiae

134 2334 265 2381 ussum
295 2315 402 2381 habeo
423 2315 729 2400 locupletissimum,
762 2314 849 2400 qnod
872 2316 1021 2400 exempla
1042 2338 1109 2384 non
1131 2323 1263 2385 exstent

134 2418 202 2487 lius
231 2420 474 2506 declinationis,
505 2422 563 2489 sed
589 2421 855 2489 constantissimo
877 2420 1007 2507 prcetirr
1029 2446 1142 2491 unum
1165 2424 1260 2491 illum

134 2548 243 2593 meum
273 2551 335 2592 usu
363 2527 547 2594 Charmides
577 2528 719 2595 Collrstm
746 2528 961 2611 Mepuronidrs
983 2530 1131 2614 Lysiteles
1153 2532 1259 2597 Ptrito·

134 2634 210 2700 rcles
229 2637 397 2717 Apoecides
416 2636 646 2721 Pterrsides***)
666 2637 886 2718 Stratophanes
908 2638 1146 2720 Strottrtppoctcs
1169 2638 1182 2709 t
1184 2662 1259 2704 num

134 2741 433 2824 &respirationem
449 2744 480 2807 A
500 2745 683 2828 expressit),
707 2748 738 2807 et
759 2744 784 2806 si
805 2750 983 2827 quaesunt
1006 2745 1136 2827 similia,
1160 2747 1258 2810 etiem

134 2848 350 2929 povocativis
370 2855 453 2913 sunt.
491 2849 641 2934 Oppones
665 2851 905 2934 frequentatum
930 2852 962 2916 in
987 2851 1092 2916 Milite
1116 2852 1259 2937 glorioso
1269 2869 1418 2911 Lxxxvn

134 2948 381 3037 tuipteetornerre,
414 2955 508 3040 idque
537 2956 616 3020 adeo
640 2957 730 3020 iuxta
753 2957 861 3039 posito
886 2957 1044 3023 Pleusicles
1067 2957 1127 3040 Ill,
1154 2961 1181 3041 l,
1208 2960 1260 3023 16:

157 3096 336 3163 Euoeabo:
359 3095 439 3161 heus
466 3097 738 3182 Periplectomene
762 3104 794 3163 et
821 3098 992 3183 prunidus,
1016 3100 1258 3186 progredimini.

134 3246 146 3304 t
170 3262 210 3304 ea
236 3240 316 3322 ipsa
340 3239 477 3303 societas
506 3261 623 3325 erigere
651 3241 866 3325 suspitionem
890 3250 922 3307 et
946 3266 1076 3307 mouere
1099 3244 1137 3308 de
1156 3266 1258 3309 naevo

134 3349 256 3414 debat.
307 3342 383 3409 Non
416 3348 522 3430 magis
556 3349 641 3413 enim
675 3372 694 3411 a
727 3349 927 3412 nominativo
961 3351 993 3413 iu
1021 3372 1052 3415 es
1083 3351 1257 3415 terminato

134 3463 225 3523 etum
256 3453 515 3533 Periplectomene
543 3478 640 3539 quani
662 3455 801 3538 Eutyche
829 3456 861 3519 in
885 3455 1079 3538 Mercatore,
1108 3457 1192 3539 quod
1216 3458 1258 3520 sb

134 3565 269 3649 rtyetrus
309 3558 446 3623 ducitur.
498 3562 542 3624 st
579 3585 654 3627 vero
688 3562 961 3644 l'erzptestorruenns
998 3564 1122 3627 ratione
1160 3568 1258 3627 earet.

134 3679 190 3740 ret
221 3690 325 3732 vero:
351 3668 568 3749 quaerendum
593 3670 694 3753 igitur
717 3671 801 3753 (prod
821 3678 980 3751 congruat
999 3670 1126 3734 rationi.
1161 3668 1258 3734 liceto

134 3802 206 3845 :ern
245 3797 284 3837 se
316 3773 438 3837 habere
466 3774 528 3838 duo
558 3775 629 3839 solu
651 3783 801 3858 possunt,
834 3784 890 3840 aut.
921 3800 940 3839 a
967 3776 1258 3855 περιπληττόμενο(

134 3898 222 3952 tum
242 3879 527 3960 Periptettomcnns
541 3887 597 3946 aut
611 3906 630 3945 a
645 3883 914 3961 περιπλεκόμενο(
929 3883 1258 3965 Pcriptreomrrrns.

134 4019 162 4061 n
191 3987 365 4070 ambiges
389 3985 514 4069 opinor,
547 3994 655 4053 utrum
685 3990 725 4054 ad
755 3990 858 4073 ipsum
884 3989 1025 4053 irnlolern
1050 3990 1147 4073 lepidi
1172 3990 1257 4054 senis

134 4125 153 4168 e
187 4095 321 4182 aptius
352 4090 449 4156 dicas.
493 4093 786 4161 Ilatiocinationem
815 4102 924 4160 cirtem
953 4101 1099 4159 nostrum
1128 4118 1192 4159 una
1221 4118 1258 4160 ex

197 4293 231 4359 a)
255 4285 320 4358 [Cf.
344 4287 447 4352 opusc.
466 4285 531 4353 phil.
554 4286 576 4338 ll
596 4304 621 4356 p.
642 4294 706 4352 4913
736 4288 826 4342 'l'rin'
845 4288 930 4357 praes.
950 4308 976 4358 Ρ.
997 4290 1093 4360 LXIX-l

171 4382 227 4448 u)
252 4373 314 4448 [οἰ.
338 4372 442 4440 Opusc.
462 4372 528 4441 phil.
549 4375 571 4427 ll
592 4394 618 4444 p.
638 4380 688 4429 487
709 4377 785 4441 adn.;
805 4375 895 4431 'Prin'
914 4378 999 4447 praet.
1019 4397 1046 4448 p.
1067 4380 1186 4447 exsul}

148 4470 221 4537 m)
243 4466 363 4537 [Immo
385 4459 544 4529 Pleusicles
563 4464 596 4517 ct.
618 4470 718 4535 opusc.
738 4465 805 4535 phil
823 4465 863 4519 lll
882 4484 908 4535 p.
928 4468 1003 4539 stt]
