2836 5034
465 311 701 360 narnriuscne
726 313 850 360 annau.
1161 297 1225 374 cal

134 456 262 539 timei,
289 456 345 539 qui
374 455 466 520 libris
489 455 522 519 in
546 455 712 539 publicum
735 455 829 520 editis
852 456 916 520 iam
940 456 1050 541 aliqua
1073 478 1111 521 ex
1134 461 1226 541 parte

134 562 289 627 latuerit?
323 562 439 627 hocine
478 560 639 626 scribendi
671 561 918 648 disputandique
954 563 1127 628 consilium
1162 565 1226 630 oui·

134 692 179 734 im
207 669 304 736 hodie
331 669 416 735 aerio
445 669 546 734 teneri
574 668 736 747 videatur,
768 691 809 734 an
837 668 916 734 dicis
944 691 1060 735 caussa
1087 673 1226 737 exemeri

134 807 137 836 ι
158 776 221 841 lere
240 777 425 863 plusquam
439 778 587 842 umbram
607 776 769 861 quandam
788 798 916 841 servare
934 779 1012 861 eius,
1034 800 1130 862 quam
1148 779 1225 844 olim

134 885 241 962 ssent,
263 885 460 970 gravitatis?
497 884 621 961 Quibus
646 885 779 949 minime
802 885 972 949 haeremus
995 885 1071 970 quid
1094 908 1226 972 respon-

134 1013 224 1056 tmus.
269 990 418 1075 Namque
445 1014 527 1076 quae
556 994 643 1055 recte
666 997 699 1054 et
722 991 885 1073 sapienter
908 1014 928 1055 a
951 991 1128 1057 maioribus
1151 997 1227 1058 sunt

134 1098 248 1177 tituta,
275 1099 303 1163 si
328 1097 457 1184 quando
485 1119 600 1182 parum
624 1098 796 1163 retinuisse
819 1098 977 1183 pristinae
999 1098 1155 1164 utilitatis
1179 1101 1226 1165 iu·

134 1209 239 1288 antur,
262 1211 320 1271 aut
343 1205 503 1271 abolenda
525 1212 603 1270 sunt
626 1209 697 1285 aut,
724 1205 877 1289 quamdiu
900 1228 966 1271 non
989 1210 1066 1270 sunt
1093 1206 1226 1290 abolita,

134 1312 225 1375 witer
253 1312 375 1377 tuenda
410 1316 443 1376 et
473 1310 650 1377 exercenda
681 1317 819 1377 strenue.
872 1311 964 1388 Quod
996 1335 1068 1377 cum
1100 1311 1225 1396 pridem

134 1419 163 1482 lii
184 1419 431 1502 persuasissem,
458 1422 528 1483 tum
551 1440 727 1503 numquam
758 1417 886 1502 planius
914 1419 1097 1502 perspicere
1127 1440 1225 1503 quam

144 1525 200 1589 liae
222 1526 293 1608 ipsa
321 1526 445 1590 incluta
473 1525 640 1590 academia
662 1525 761 1590 licuit
806 1524 892 1590 Huic
915 1525 1002 1589 enim
1024 1547 1156 1609 prorsus
1180 1526 1225 1590 in·

133 1632 189 1696 leri
216 1633 383 1716 proprium
416 1631 619 1716 splendorem
650 1632 756 1716 parari
789 1654 848 1696 neo
880 1631 1075 1696 mediocrem
1108 1654 1146 1697 ex
1177 1655 1225 1716 eo,

134 1738 178 1823 od,
200 1739 332 1824 quaein
357 1739 430 1804 aliis
454 1738 656 1822 quibusdam,
679 1761 758 1823 quas
783 1738 912 1823 quidem
934 1738 1090 1821 noverim,
1113 1739 1222 1805 scede-

136 1844 212 1910 isin
236 1846 341 1910 lusum
366 1845 491 1930 pridem
516 1848 696 1928 verterunt,
718 1844 771 1910 hie
795 1845 924 1931 quidem
948 1850 1090 1911 vetarem
1113 1850 1147 1911 et
1168 1869 1224 1911 an·

134 1973 209 2034 quam
243 1952 437 2039 dignitatem
469 1954 634 2037 praeclare
661 1956 792 2018 tuentur
819 1959 854 2017 et
883 1954 1086 2018 retinuerunt
1117 1953 1225 2018 lauda·

134 2059 197 2126 iter.

174 2171 279 2255 Atque
306 2170 369 2235 hoc
396 2171 536 2234 alterum
564 2168 643 2234 illud
671 2173 735 2254 eat,
763 2168 849 2253 quod
879 2168 975 2234 initio
999 2167 1224 2253 significabam

136 2272 179 2340 ius
214 2275 440 2360 praefationis,
477 2298 549 2341 cum
587 2275 769 2360 argumenti
811 2274 953 2339 taedium
989 2273 1136 2339 dicebam
1165 2295 1224 2359 pro

134 2379 173 2445 rili
194 2388 286 2468 parte
308 2405 369 2448 nos
393 2387 668 2467 compensaturus.
713 2381 786 2448 Hoc
809 2381 910 2467 igitur
932 2381 1086 2466 quoniam
1109 2379 1151 2446 ad
1169 2404 1225 2446 eos

134 2506 205 2571 uque
224 2490 376 2574 pertinet,
393 2510 530 2573 quorum
553 2488 636 2554 nihil
655 2487 799 2571 interest,
822 2488 861 2553 de
880 2487 962 2553 Gaio
981 2490 1014 2551 et
1033 2485 1224 2571 Sempronio

147 2591 181 2658 ds
198 2593 263 2660 Oro
282 2601 315 2658 et
335 2595 453 2660 Orione
472 2595 571 2659 verba
589 2594 755 2675 faciamus,
774 2595 875 2678 probe
895 2617 954 2659 nos
973 2594 1224 2679 meminerimus,

134 2696 193 2765 iin
215 2707 377 2767 certamen
401 2723 486 2767 nuno
510 2723 620 2766 sumus
644 2702 857 2784 progressuri.
903 2700 1017 2786 Neque
1041 2702 1126 2766 enim
1150 2724 1222 2766 cum

134 2807 237 2873 errimo
261 2808 361 2874 immo
385 2809 510 2874 ardenti
534 2808 682 2874 veritatis
706 2808 813 2874 studio
837 2810 1002 2875 conciliari
1026 2831 1064 2874 ea
1087 2809 1138 2873 vel
1166 2809 1222 2873 hu·

134 2914 218 2979 lnitss
242 2916 353 3000 nequit
382 2917 432 2980 vel
456 2916 672 2999 temperantia
701 2919 735 2979 et
763 2920 798 2980 ut
826 2915 947 2981 Graece
970 2916 1075 2980 dicam
1099 2936 1223 2995 (ωφρο-

134 3039 174 3098 νη,
205 3044 288 3106 quae
321 3027 354 3087 et
387 3024 568 3088 litterarum
602 3024 794 3109 dignitatem
827 3029 860 3088 et
892 3023 1041 3088 liberales
1074 3021 1222 3086 homines

134 3133 177 3192 st

134 3631 213 3695 atio
244 3630 287 3694 de
319 3631 439 3695 studii
476 3632 711 3716 philologici
743 3637 779 3695 et
811 3630 1080 3704 institutionis
1114 3627 1220 3693 scho-

134 3737 248 3801 :ticae
269 3738 557 3801 necessitudine
582 3738 750 3802 muneris
776 3736 1007 3820 professorii
1031 3733 1223 3799 ordinarii

148 3844 408 3908 universitate
447 3845 669 3909 litterarum
706 3843 1011 3909 Vratislariensi
1043 3836 1221 3925 ¹suseepti

185 3972 322 4015 caussa
339 3950 404 4023 ,die
429 3950 522 4014 Xllll
547 3974 587 4014 m.
611 3950 783 4016 ianuarii
807 3975 835 4014 a.
863 3951 946 4014 1836
970 3949 1114 4013 habita.

168 4092 239 4169 Quo
255 4115 311 4155 vos
326 4092 444 4175 libello,
468 4093 649 4158 academiae
665 4115 794 4176 praeses
809 4092 955 4169 illustris,
978 4096 1084 4156 rector
1097 4091 1221 4174 magni·

138 4251 148 4287 ,
178 4200 379 4283 professores
406 4205 439 4263 et
467 4199 615 4265 doctores
643 4199 848 4284 amplissimi,
878 4197 1036 4263 carissimi
1064 4196 1219 4261 commili·
1286 4270 1290 4276 ¹

134 4330 187 4391 as,
209 4305 326 4390 reliqui
345 4306 508 4371 auditores
529 4307 738 4390 ornatissimi,
761 4306 801 4371 ad
821 4307 904 4371 hanc
929 4304 1108 4369 orationem
1128 4303 1220 4366 benc·

134 4439 149 4483 e
183 4412 375 4479 audiendam
407 4414 557 4499 invitavi,
588 4415 619 4479 in
649 4437 687 4479 eo
715 4435 766 4479 me
794 4412 959 4497 professus
991 4432 1063 4476 sum
1095 4408 1134 4473 de
1160 4409 1220 4474 tali
