2836 5034
416 338 715 387 oanruunrronun
739 340 812 387 unu
837 326 1044 388 tnnurcuss.
1237 327 1302 391 715)

157 479 206 543 vel
230 505 315 568 quae
340 482 529 548 Aristotelis
553 483 654 547 rerba
677 488 754 547 sunt
782 483 860 548 dccv
882 484 913 548 οἱ
936 487 1053 549 ῑῶντεε
1076 488 1143 549 τῶν
1165 486 1300 551 τεθνεώ-

157 603 230 653 των.
278 590 401 666 Quodsi
432 590 542 655 animo
571 590 765 675 impressum
789 595 822 654 et
844 595 1010 675 tamquam
1034 591 1231 676 insculptum
1255 598 1301 657 te·

160 694 290 778 nebitis,
318 718 384 762 non
407 719 569 777 veremur,
598 718 639 761 ne
667 719 705 761 ex
733 698 772 761 iis
797 720 932 782 quarum
958 698 1022 762 iam
1047 699 1139 763 vobis
1163 699 1300 764 indicem

164 799 317 868 tradimus
341 802 461 868 scholis
486 825 552 867 non
575 802 785 885 pulcherrimi
808 804 933 868 fructus
958 803 998 868 ad
1020 827 1075 868 vos
1095 809 1171 869 sunt
1189 805 1301 870 redun-

165 901 272 975 datnri.
317 909 443 975 Valete.
516 954 524 986 ,

295 1178 331 1262 b)
354 1178 408 1242 lm
432 1177 675 1242 Prooemium
701 1178 765 1241 des
790 1175 1052 1268 Sommerssm.
1080 1180 1164 1244 1840

362 1320 414 1406 (de
438 1321 568 1406 gemino
592 1320 679 1384 exitu
705 1320 845 1384 Andriae
869 1318 1102 1406 Terentianae).

250 1464 354 1548 Atque
382 1464 463 1528 haec
489 1462 628 1546 praefati
656 1485 781 1544 snmus,
813 1466 849 1526 ut
876 1461 944 1526 fere
973 1463 1010 1527 tit
1032 1462 1066 1527 in
1088 1462 1151 1529 hoo
1174 1485 1301 1549 genere,

167 1564 199 1626 ῑό
225 1574 282 1647 μὲν
310 1571 475 1650 πάρεργον
504 1571 602 1650 ἔργον
626 1571 669 1634 ὣ(
694 1571 894 1649 ποιούμενοι,
916 1571 954 1635 τὸ
978 1568 1007 1633 δ’
1029 1570 1127 1649 ἔργον
1150 1570 1195 1636 ὡ(
1219 1571 1298 1651 πάρ-

161 1684 257 1747 ίργον
277 1677 517 1755 ἐκπονούμενοι.
564 1676 682 1742 Restat
706 1677 805 1760 enim,
834 1682 871 1742 nt
894 1675 1001 1759 vobis,
1030 1678 1189 1742 carissimi
1215 1700 1302 1744 eom·

152 1776 330 1869 militones,
354 1784 538 1850 scholarum
562 1782 726 1867 perhanc
750 1806 832 1869 quae
856 1784 958 1848 instat
981 1787 1138 1849 aestatem
1163 1786 1196 1850 in
1216 1786 1299 1851 alma

148 1888 355 1966 optimarum
389 1892 507 1956 artium
542 1891 617 1955 sede
649 1897 761 1956 nostra
792 1889 1014 1956 habendarum
1048 1891 1185 1957 indicem
1216 1914 1302 1958 conr·

142 1998 357 2083 mendemus,
391 2021 429 2063 ex
458 2020 496 2064 eo
526 1999 587 2079 uti,
620 2020 702 2082 quae
730 1998 869 2062 maxime
892 1997 926 2061 in
951 2002 1093 2063 vestrum
1117 2020 1212 2063 usum
1236 2021 1302 2065 non

139 2093 326 2169 videantur
351 2126 436 2187 esse,
458 2103 515 2169 sed
539 2126 613 2169 vers
637 2105 717 2188 sint,
740 2103 908 2189 deligatis,
930 2111 1082 2191 rectoque
1106 2105 1224 2170 iudicio
1248 2106 1301 2171 de·

135 2202 252 2276 lectis
273 2218 359 2277 reete
383 2211 546 2276 fruamini.
579 2211 651 2287 Quo
670 2211 798 2295 quidem
817 2232 929 2277 cavere
949 2212 1106 2296 volumus,
1130 2234 1169 2276 ne
1188 2234 1299 2278 rerum

138 2328 253 2381 usum
279 2340 352 2384 eum
381 2319 517 2402 putetis,
550 2318 605 2403 qui
630 2317 670 2382 ad
694 2318 780 2382 vitae
804 2318 1011 2403 quotidianae
1035 2318 1103 2382 sire
1127 2317 1301 2384 commodi·

140 2419 245 2489 tates
267 2428 332 2491 sive
356 2425 569 2490 necessitates
593 2430 732 2508 spectet,
760 2446 823 2489 neu
850 2446 1020 2508 perperam
1044 2423 1301 2510 interpretemini

143 2532 244 2609 quod
266 2532 358 2597 aiunt
380 2533 465 2595 vitae
489 2553 569 2614 esse,
593 2552 659 2595 non
683 2531 812 2595 scholae
836 2530 1031 2596 discendum.
1071 2530 1191 2596 Veram
1215 2533 1300 2596 enim

147 2634 183 2696 el·
215 2646 390 2721 aeternam,
413 2660 496 2723 quae
520 2661 537 2701 e
561 2638 688 2702 liberali
713 2639 896 2703 litterarum
920 2639 1115 2704 tractatione
1135 2637 1302 2722 redundat,

152 2739 332 2811 utilitatem
362 2750 558 2810 mementote
590 2767 661 2809 eam
690 2766 775 2828 esse,
802 2749 838 2809 ut
865 2744 955 2810 fonte
984 2745 1091 2810 divino
1121 2750 1300 2829 prognatus

159 2847 284 2917 animus
317 2852 498 2938 ingenitam
532 2851 673 2915 indolem
706 2852 876 2917 nutriendo
915 2853 964 2917 sui
1002 2853 1139 2917 similior
1172 2852 1300 2917 evadat:

166 2974 230 3034 quo
261 2960 378 3026 artium
416 2960 663 3042 litterarumque
700 2960 754 3023 lux
788 2959 897 3023 divina
930 2961 964 3023 in
998 2960 1128 3045 singula
1159 2959 1301 3024 civitatis

172 3067 304 3133 membra
327 3072 481 3151 tanquam
506 3067 614 3130 anima
632 3070 802 3149 permanet
822 3066 907 3131 vitae
931 3067 1075 3132 ellectrix
1099 3073 1133 3132 et
1157 3066 1300 3131 modera-

177 3166 232 3233 trix
251 3175 441 3258 virtutisque
464 3196 582 3257 pareus
608 3178 640 3238 et
664 3173 833 3257 magistra.
878 3171 1004 3238 Valete.

651 3371 809 3378 ..———

300 3513 331 3596 e)
354 3513 410 3578 Im
433 3513 674 3578 Prooemium
700 3514 763 3578 des
788 3510 1048 3577 Sommersem.
1076 3514 1156 3577 1841

426 3653 478 3740 (de
503 3654 610 3720 Plauti
634 3656 827 3739 cognomine
852 3652 1037 3735 ‘Asinius’).

253 3793 378 3880 Denuo,
407 3798 663 3881 commilitones,
685 3797 736 3861 vel
760 3819 798 3860 ex
821 3797 882 3862 hae
906 3795 1183 3879 disputatiuncula
1206 3796 1301 3861 aesti-

173 3889 302 3988 mabitis,
325 3904 404 3990 quid
427 3905 471 3969 sit
494 3925 559 3970 nou
581 3904 685 3969 dicam
710 3904 839 3969 criticae
863 3904 926 3968 arti
951 3903 1170 3967 tribuendum:
1203 3926 1300 3987 quam

171 3991 239 4105 ‘llll’
266 4012 329 4076 tam
352 4010 453 4076 hebes
477 4017 528 4077 est
551 4016 585 4076 et
607 4015 773 4095 tamquam
797 4011 968 4095 plumbeus
993 4011 1070 4095 quin
1094 4011 1209 4075 merito
1234 4032 1300 4073 sus·

167 4099 276 4214 infiat:
305 4117 361 4183 sed
394 4118 424 4182 ei
454 4119 540 4202 parti
569 4119 656 4182 illius
686 4119 764 4182 artis
793 4141 874 4202 quae
904 4123 1067 4184 scrutatur
1094 4117 1239 4201 syllabas
1267 4121 1301 4179 st

166 4213 271 4283 ’Μῦν
296 4225 443 4290 rimatur.
489 4224 591 4301 Quam
620 4227 680 4289 etsi
709 4248 775 4290 non
804 4247 975 4309 possumus
1006 4225 1150 4310 profiteri
1180 4244 1300 4307 ornnes,

164 4300 470 4395 t⁸¹¹¹t³¹1curandum
494 4334 544 4394 est
567 4335 603 4395 ut
621 4354 693 4395 cum
713 4354 760 4416 eo,
784 4354 846 4416 quo
866 4354 947 4416 opus
968 4334 1020 4417 sit,
1043 4335 1298 4414 temperamento

164 4405 200 4470 “d
226 4439 286 4500 ⁸¹1⁸
307 4436 443 4522 quisque
467 4437 575 4502 studia
597 4438 813 4503 transferatis.
