2836 5034
145 345 210 411 378
437 359 697 408 naouueounua
721 359 768 406 nu
791 355 1003 407 assicamus

145 507 180 571 in
204 505 372 590 principio
388 525 500 568 versus
524 503 640 587 positis
665 500 750 584 ere'd
780 501 836 567 tibi
866 498 1121 586 interpelldtic*):
1145 497 1232 586 quando

146 612 274 678 somnia
297 614 374 677 sunt
398 609 437 674 de
461 610 685 695 monosyllaba
707 610 760 675 tbi
781 606 1057 695 pronuntiatione.
1100 606 1236 692 Apraepe

146 719 266 784 sitione
295 721 404 783 autem
431 739 498 783 non
524 721 576 782 est
602 717 722 782 mirum
751 716 885 783 eandem
909 715 1141 801 correptionem
1158 714 1190 780 ad
1203 715 1238 778 ir·

147 827 252 891 terim
274 824 468 909 particulam
491 825 679 909 perrexisse,
701 828 738 890 ut
761 822 889 890 Curcul.
911 821 970 909 IV,
994 825 1023 908 1,
1045 821 1097 888 25.
1124 820 1205 888 Stichi
1216 818 1242 904 Ι,

146 934 181 1017 4,
205 933 262 997 23:
295 969 298 973 ·

214 1073 278 1140 sed
301 1075 432 1140 interim
455 1074 541 1142 fores
561 1096 726 1160 crepuere:
749 1071 881 1159 linguae
905 1070 1166 1139 moderanddmst
1184 1093 1246 1137 nea

214 1179 277 1247 sed
300 1181 440 1266 interim,
463 1183 750 1268 strategemata,
773 1186 830 1247 cur
851 1181 907 1246 hic
930 1184 1038 1247 cassat
1056 1178 1228 1247 cantharus?

147 1328 181 1389 et
203 1328 240 1389 ut
262 1324 392 1389 videtur
414 1323 636 1414 Mostellariae
659 1323 700 1408 V,
726 1326 754 1408 1,
777 1324 836 1390 45:
944 1423 947 1428 ⁴

214 1451 286 1552 Ego
310 1466 441 1532 interim
463 1465 549 1533 hanc
572 1489 662 1532 aram
686 1467 851 1554 dccupabo
873 1488 897 1532 e.
920 1488 948 1550 q.
971 1487 1004 1551 a,

147 1609 294 1695 quamvis
321 1609 368 1674 ibi
391 1609 479 1674 facili
503 1630 603 1694 opera
625 1630 677 1693 epo
699 1609 854 1675 deleatur.
900 1608 987 1676 Nam
1008 1609 1130 1676 Persae
1151 1607 1192 1691 11,
1212 1607 1257 1689 rt

148 1738 206 1801 pro
229 1716 355 1781 interim
377 1719 464 1781 recte
486 1738 572 1781 nunc
595 1717 785 1782 rest'tutum
804 1722 855 1782 est
872 1719 997 1796 interea,
1022 1717 1165 1783 eiusdem
1182 1719 1258 1779 auten

148 1844 281 1887 scaenae
305 1824 368 1888 v.7
394 1824 496 1889 eiecto
518 1825 645 1889 interim
668 1825 716 1890 sic
739 1825 947 1891 scribendum
969 1824 1051 1890 duce
1075 1823 1259 1889 Ambrosiam

149 1929 272 1994 codice:

237 2069 341 2148 Quom
374 2075 410 2138 tu
443 2070 610 2160 ingenium
643 2075 716 2140 fans
749 2075 847 2160 atque
877 2073 986 2139 infans
1018 2073 1164 2139 nondum
1193 2072 1260 2137 etim

893 2202 1002 2246 meum
1026 2175 1241 2263 edidissem)

148 2320 271 2387 Verum
299 2323 549 2410 haudquaquam
578 2325 628 2389 vis
656 2325 832 2410 positionis
860 2323 940 2389 adeo
968 2322 1066 2390 nihili
1095 2323 1206 2389 habita

147 2433 184 2495 ut
207 2431 306 2496 etiam
328 2434 394 2497 tres
414 2435 630 2498 consonantes
649 2432 781 2498 litterae
803 2433 962 2498 introire
985 2425 1250 2516 corriperenturr'

148 2536 233 2622 quod
260 2559 325 2601 non
353 2538 458 2622 magis
481 2540 605 2604 factum
630 2543 680 2604 est
703 2562 803 2625 quam
825 2539 859 2603 in
881 2539 985 2605 ircrcle.
1031 2537 1110 2604 Vna
1132 2543 1161 2603 ct
1182 2534 1263 2603 vocnt

148 2644 275 2708 abiecta
299 2644 486 2709 Aululariae
510 2645 568 2729 ΙΙΙ,
592 2647 622 2729 3,
646 2647 666 2711 3
689 2645 947 2711 reconcinnetur:

236 2770 285 2848 ite
309 2808 386 2850 eane
409 2789 584 2853 nunciam
608 2789 695 2853 intro
719 2789 832 2854 omne‘s
857 2788 952 2873 coqui
976 2791 1009 2852 et
1032 2788 1190 2854 tibicinae
1199 2784 1273 2870 *tq

148 2928 314 2992 lenissima
337 2930 593 3014 transpositione
618 2935 753 2996 sanatur
777 2929 880 2995 Stichi
903 2928 961 3014 lv,
988 2933 1015 3015 1,
1040 2932 1099 2996 29:

235 3073 321 3152 Dios
359 3089 537 3154 salutatum
575 3093 672 3174 aitque
709 3114 842 3156 uxorem
880 3093 968 3158 intr6
1006 3092 1106 3157 modo
1145 3085 1262 3155 deuortd

1000 3198 1150 3281 domum;

147 3337 405 3403 commodissime
429 3339 576 3422 procedit
598 3341 632 3404 in
656 3342 775 3406 senarii
798 3341 940 3426 speciem
964 3340 1006 3404 ab
1032 3339 1206 3405 editoribus
1223 3331 1261 3399 ni·

48 3464 133 3506 cxxx
147 3465 216 3506 sere
239 3445 447 3510 detruncatus
471 3448 674 3530 septenarius
698 3448 806 3513 Aulul.
829 3449 871 3526 ΙΙ,
895 3449 926 3530 8,
949 3449 1006 3512 23:

235 3584 397 3650 Nimirum
426 3589 567 3673 occidor,
599 3590 663 3654 nisi
692 3612 752 3676 ego
783 3593 871 3657 intro
899 3591 962 3656 huc
991 3592 1131 3675 prdpere
1154 3601 1252 3677 propes

998 3703 1139 3781 currere,

146 3932 214 3986 item
235 3935 263 3989 in
281 3938 452 3993 emendando
472 3959 496 3994 v.
508 3948 569 4008 725,
587 3943 635 3998 ubi
654 3945 697 3998 eet
711 3943 881 4013 phordtram.
910 3945 942 3998 In
957 3939 1095 4000 cdchleam
1112 3942 1197 4015 paullo
1210 3933 1246 3990 ΙΙΙ

148 4020 186 4089 [p.
206 4024 269 4093 374]
290 4027 377 4082 oratio
397 4029 503 4084 incidit.
543 4031 596 4102 [ef.
617 4033 717 4103 Opusc.
738 4033 807 4103 phiL
827 4034 853 4086 11
873 4052 900 4104 p.
920 4038 1056 4103 585sqq.,
1075 4033 1164 4103 alibi]

254 4113 278 4178 ‘)
299 4113 374 4182 [‘nec
394 4117 467 4170 enim
486 4119 656 4176 Buechelero
676 4122 890 4178 adsentiendum
909 4123 944 4177 de
964 4123 1036 4178 decl.
1057 4142 1084 4194 p.
1104 4122 1156 4177 sa'
1180 4102 1244 4173 Trissi

235 4197 276 4266 *Ἴ
297 4201 396 4270 [Quom
421 4224 506 4261 uicum
532 4213 670 4280 inperium
697 4214 719 4278 s.
743 4231 768 4266 a.
793 4214 812 4266 i.
838 4219 869 4266 tu
896 4213 1021 4267 nondum
1049 4214 1128 4267 etiam
1152 4192 1243 4264 edidissii

148 4284 255 4354 ‘paullo
274 4288 385 4343 rectiue'
406 4292 434 4345 in
454 4295 575 4351 editione
595 4299 673 4353 dedit
691 4300 882 4372 sitacium]

217 4372 276 4441 ***)
296 4375 364 4444 [Ant
381 4395 469 4435 carues
492 4384 593 4451 (forma
612 4390 704 4443 introii
722 4388 858 4459 reposita)
878 4392 928 4445 aut
946 4391 1005 4445 iam
1025 4391 1102 4446 delet
1118 4370 1240 4441 prauam

148 4460 217 4514 Nou.
237 4478 294 4516 exc.
314 4464 404 4521 Plaut.
424 4469 435 4521 l
454 4488 481 4538 p.
500 4473 554 4541 82]
