2836 5034
140 329 206 392 524
424 340 688 389 nnonseousul
713 341 761 387 ns
785 339 998 387 asrroursvs

140 490 297 572 cognatos
330 486 444 570 fugare
478 484 540 548 dici
574 506 666 548 amor
695 483 759 547 nisi
792 483 924 548 ridicule
955 505 1020 549 nou
1050 489 1163 568 posset,
1184 484 1241 549 nibil

139 594 299 676 reliquum
333 592 396 657 fuit
431 592 495 655 nisi
534 594 571 655 ut
605 613 678 655 curn
710 595 777 655 tros
809 591 1001 673 pronomine
1033 592 1120 656 tertii
1153 613 1242 676 quoque

140 699 279 764 membri
307 699 501 783 pronomina
529 698 781 763 conciliarentur
808 701 842 762 et
867 698 960 782 serpat
987 704 1016 764 ta
1041 721 1062 763 a
1088 705 1136 764 tuo
1156 704 1244 764 curate

140 806 336 872 scriberetur
364 827 424 888 pro
447 827 478 870 se
500 826 522 868 a
543 803 646 890 suo.*)
672 841 712 852 -
737 804 875 889 Reliqua
903 805 1027 890 omnia,
1053 829 1134 890 quae
1157 807 1186 871 in
1206 808 1246 871 boc

140 914 267 979 cantico
296 912 404 996 posui,
431 916 511 995 puto
540 916 643 975 semet
669 911 743 995 ipsa
770 910 851 976 satis
878 911 1057 976 defendere.
1102 912 1169 978 Nisi
1192 911 1249 998 quod

139 1044 199 1105 pro
229 1020 392 1104 asperiore
419 1041 448 1083 v.
476 1018 542 1084 284
570 1019 689 1083 cretico
717 1017 797 1102 pede
825 1019 861 1082 rit
891 1019 933 1084 sit
958 1020 1010 1085 sui
1037 1019 1124 1084 haud
1149 1021 1207 1085 scio
1226 1042 1251 1084 u

140 1130 286 1211 praestet
308 1127 412 1191 multo
435 1126 540 1190 lenior
562 1125 643 1191 haee
666 1147 831 1191 mensura:

229 1287 337 1351 Malus
360 1287 481 1351 bonum
505 1286 628 1350 malurn
652 1309 723 1352 esse
745 1288 825 1371 uolt,
848 1288 898 1353 sai
920 1289 968 1354 aa
990 1289 1032 1354 ar
1055 1286 1185 1354 similis:

140 1471 217 1513 nam
240 1446 395 1512 catalexis
419 1447 631 1512 removendae
659 1449 887 1513 necessitatem
914 1470 979 1514 non
1007 1448 1117 1531 video,
1145 1451 1265 1515 omnino

140 1576 201 1640 que
225 1552 310 1638 quod
329 1553 369 1617 ad
392 1553 656 1620 catalecticorum
676 1555 991 1639 acatalectorumque
1015 1555 1125 1619 varias
1149 1578 1205 1640 per
1222 1554 1268 1621 hoe

139 1665 245 1726 totum
278 1660 440 1726 canticum
472 1661 711 1727 vicissitudines
745 1663 876 1745 attinet,
908 1685 974 1728 non
1006 1665 1162 1747 oportere
1194 1662 1273 1728 nimir

140 1768 346 1834 fastidiosum
371 1790 441 1833 esse
465 1769 614 1836 arbitror.

600 2127 712 2175 curva
736 2107 823 2175 XIX.

230 2250 369 2317 Restant
391 2253 535 2317 miscella
558 2253 728 2338 quaedam,
756 2275 838 2338 qnae
866 2257 987 2338 quauta
1015 2257 1160 2336 potuero
1191 2254 1228 2319 br
1260 2252 1267 2267 '

140 2362 209 2424 tate
233 2358 468 2444 absolvam.**)

16 2493 125 2534 cccxvr
231 2465 270 2530 ln
294 2466 536 2551 argumentis
560 2466 735 2531 metricis
754 2467 937 2532 fabularum
956 2466 1191 2532 Plautinarum

139 2573 246 2636 tandis
261 2574 395 2637 eandem
410 2574 570 2638 rationem
585 2578 677 2638 teneo
698 2596 735 2638 ac
756 2574 783 2637 si
804 2574 835 2637 in
852 2574 967 2638 Plauto
987 2596 1112 2638 verser:
1133 2598 1208 2639 narn

139 2680 236 2744 nimis
261 2680 360 2764 lepidi
379 2681 510 2744 fuerunt
534 2681 589 2764 qui
612 2680 687 2744 huic
711 2681 773 2763 ipsi
797 2681 871 2744 illos
895 2681 1074 2745 versiculos
1099 2682 1258 2773 tribuera-

138 2792 246 2850 tamen
262 2811 335 2851 cum
349 2787 495 2872 prologis
509 2810 575 2851 non
587 2787 746 2851 Plautinis
762 2788 912 2852 omnibus
925 2786 988 2851 hoc
1003 2788 1026 2851 ii
1043 2810 1214 2853 commune
1255 2852 1258 2859 ,
1284 2788 1289 2793 ’

139 2893 218 2956 bent
240 2892 325 2975 quod
349 2916 480 2975 prorsus
505 2893 658 2958 Plautina
681 2915 885 2957 numerorum
910 2898 978 2957 arte
1003 2894 1084 2958 facti
1109 2901 1192 2959 suut

18 3001 257 3083 ecnvrrquibus
286 2999 438 3084 quoniam
470 3000 572 3063 altera
602 3024 677 3084 pars
708 3001 776 3065 cius
808 3001 1106 3082 commentationis,
1135 3024 1223 3085 quan

138 3123 408 3171 clulacccxxxxl
429 3106 512 3169 edidi
534 3109 590 3189 [=
600 3107 714 3190 Opusc.
725 3107 802 3191 phil.
813 3107 844 3172 ΙΙ
854 3131 884 3191 p.
895 3108 1098 3191 404-422],
1123 3132 1196 3173 casu
1216 3107 1228 3170 l

138 3218 206 3278 tum
222 3219 272 3278 est
287 3219 322 3277 ut
337 3214 440 3277 adhue
451 3215 485 3278 iu
501 3215 626 3278 scriniis
638 3216 814 3298 delitescat,
828 3238 988 3279 summam
999 3217 1184 3281 sententiae
1194 3230 1263 3281 mest.

138 3344 234 3405 quarn
258 3321 462 3404 paucissimis
487 3343 571 3384 nunc
592 3321 684 3386 illinc
703 3344 878 3404 excerpam.
920 3320 1030 3385 Missis
1051 3322 1156 3406 igitur
1175 3338 1260 3385 corun

136 3428 299 3492 futtilibus
324 3428 529 3511 opinionibus
554 3429 606 3512 qui
633 3433 689 3492 aut
713 3451 732 3491 a
755 3427 798 3492 M.
821 3428 966 3493 Varrone
991 3433 1049 3493 aut
1074 3451 1094 3493 a
1118 3429 1264 3493 Prisciars

136 3536 257 3618 scripta
280 3537 486 3600 coniecerunt
509 3537 660 3619 (quorum
684 3535 737 3599 hic
760 3535 928 3599 habuisset
947 3537 1097 3619 profecto
1119 3537 1200 3622 qnod
1216 3557 1257 3621 u¹

135 3642 362 3725 gratularetur,
382 3643 409 3705 si
430 3648 495 3705 tam
518 3643 621 3707 bonos
640 3644 806 3706 trimetros
826 3642 930 3706 facere
949 3643 1131 3709 ullomodo
1151 3645 1246 3730 posset

136 3747 214 3810 duas
240 3754 363 3811 aetates
387 3751 481 3813 video
505 3749 562 3812 tali
588 3749 717 3812 ludendi
742 3749 850 3834 generi
872 3753 978 3832 aptas:
1003 3750 1145 3816 alteram
1166 3775 1229 3817 saec

136 3877 164 3916 u.
193 3877 218 3917 c.
247 3856 391 3937 septimi,
423 3880 486 3940 quo
519 3879 615 3939 quam
647 3856 826 3919 ferbuerint
856 3857 1074 3940 grammatica
1107 3852 1262 3924 studiari

136 3959 303 4024 Plautinas
328 3962 455 4026 litteras
480 3964 610 4044 collata,
633 3962 735 4026 Licini
760 3964 881 4046 Porcii,
904 3963 1031 4028 Aurelii
1056 3963 1265 4050 0111111111-

240 4190 327 4259 *)[1n
348 4190 389 4244 ed.
411 4191 458 4244 alt.
480 4192 650 4247 Ititschelius
669 4193 803 4248 toleravit
821 4210 848 4247 se
866 4214 884 4247 a
902 4196 972 4261 suo]

223 4280 266 4345 **)
293 4279 428 4347 [Primum
456 4281 501 4335 hic
527 4283 636 4336 dixerat
661 4283 832 4336 ltitschelius
859 4283 893 4337 de
917 4300 1087 4339 scaenarum
1108 4287 1271 4357 discriptiont

133 4372 169 4436 (p.
194 4382 288 4422 cccxv
303 4371 368 4437 aql:
402 4385 435 4422 ea
465 4387 538 4424 nnnc
566 4371 697 4439 leguntur
727 4373 755 4425 in
784 4371 958 4441 praelatione
987 4374 1112 4431 alterius
1136 4371 1273 4432 Trinnmni

132 4457 263 4512 editionis
282 4477 308 4526 p.
330 4460 469 4525 nv111sq.]
