<?xml version="1.0" encoding="UTF-8"?>
<!DOCTYPE html PUBLIC "-//W3C//DTD XHTML 1.0 Transitional//EN"
    "http://www.w3.org/TR/xhtml1/DTD/xhtml1-transitional.dtd">
<html xmlns="http://www.w3.org/1999/xhtml" xml:lang="en" lang="en">
 <head>
  <title>
</title>
<meta http-equiv="Content-Type" content="text/html;charset=utf-8" />
  <meta name='ocr-system' content='tesseract 3.04.00' />
  <meta name='ocr-capabilities' content='ocr_page ocr_carea ocr_par ocr_line ocrx_word'/>
</head>
<body>
  <div class='ocr_page' id='page_1' title='image "./fridericiritsch00ritsgoog_0676.png"; bbox 0 0 2836 5034; ppageno 0'>
   <div class='ocr_carea' id='block_1_1' title="bbox 181 319 946 384">
    <p class='ocr_par' dir='ltr' id='par_1_1' title="bbox 181 319 946 384">
     <span class='ocr_line' id='line_1_1' title="bbox 181 319 946 384; baseline -0.014 0"><span class='ocrx_word' id='word_1_1' title='bbox 181 319 248 384; x_wconf 79' lang='lat'>654</span> <span class='ocrx_word' id='word_1_2' title='bbox 557 328 794 377; x_wconf 79' lang='lat' dir='ltr'>nsrnrrnscnn</span> <span class='ocrx_word' id='word_1_3' title='bbox 816 326 946 375; x_wconf 73' lang='lat' dir='ltr'>sensu</span> 
     </span>
    </p>
   </div>
   <div class='ocr_carea' id='block_1_2' title="bbox 182 472 1310 1732">
    <p class='ocr_par' dir='ltr' id='par_1_2' title="bbox 182 472 1310 648">
     <span class='ocr_line' id='line_1_2' title="bbox 182 472 1310 562; baseline -0.004 -20"><span class='ocrx_word' id='word_1_4' title='bbox 182 476 383 562; x_wconf 79' lang='lat' dir='ltr'>dirigendae,</span> <span class='ocrx_word' id='word_1_5' title='bbox 418 472 657 557; x_wconf 73' lang='lat' dir='ltr'>sapientissime</span> <span class='ocrx_word' id='word_1_6' title='bbox 688 472 886 555; x_wconf 80' lang='lat' dir='ltr'>perspiceret</span> <span class='ocrx_word' id='word_1_7' title='bbox 918 490 1056 553; x_wconf 91' lang='lat' dir='ltr'>eamque</span> <span class='ocrx_word' id='word_1_8' title='bbox 1086 473 1278 554; x_wconf 73' lang='lat' dir='ltr'>persuasionem</span> <span class='ocrx_word' id='word_1_9' title='bbox 1305 506 1310 521; x_wconf 93' lang='lat'><strong>·</strong></span> 
     </span>
     <span class='ocr_line' id='line_1_3' title="bbox 182 575 1280 648; baseline -0.004 0"><span class='ocrx_word' id='word_1_10' title='bbox 182 582 559 648; x_wconf 88' lang='lat' dir='ltr'>munificentissimorum</span> <span class='ocrx_word' id='word_1_11' title='bbox 591 579 772 645; x_wconf 83' lang='lat' dir='ltr'>facinorum</span> <span class='ocrx_word' id='word_1_12' title='bbox 803 576 1015 642; x_wconf 87' lang='lat' dir='ltr'>multitudine</span> <span class='ocrx_word' id='word_1_13' title='bbox 1044 575 1280 644; x_wconf 85' lang='lat' dir='ltr'>admirabilourin</span> 
     </span>
    </p>

    <p class='ocr_par' dir='ltr' id='par_1_3' title="bbox 183 683 1283 771">
     <span class='ocr_line' id='line_1_4' title="bbox 183 683 1283 771; baseline -0.005 -15"><span class='ocrx_word' id='word_1_14' title='bbox 183 691 314 756; x_wconf 92' lang='lat' dir='ltr'>modum</span> <span class='ocrx_word' id='word_1_15' title='bbox 339 687 575 771; x_wconf 88' lang='lat' dir='ltr'>comprobaret.</span> <span class='ocrx_word' id='word_1_16' title='bbox 611 685 701 770; x_wconf 80' lang='lat' dir='ltr'>Ergo</span> <span class='ocrx_word' id='word_1_17' title='bbox 725 685 929 770; x_wconf 78' lang='lat' dir='ltr'>gratulemur</span> <span class='ocrx_word' id='word_1_18' title='bbox 951 684 1049 749; x_wconf 91' lang='lat' dir='ltr'>nobis</span> <span class='ocrx_word' id='word_1_19' title='bbox 1071 683 1152 749; x_wconf 90' lang='lat' dir='ltr'>hanc</span> <span class='ocrx_word' id='word_1_20' title='bbox 1172 707 1283 752; x_wconf 88' lang='lat' dir='ltr'>sensum</span> 
     </span>
    </p>

    <p class='ocr_par' dir='ltr' id='par_1_4' title="bbox 184 778 1285 878">
     <span class='ocr_line' id='line_1_5' title="bbox 184 778 1285 878; baseline -0.003 -17"><span class='ocrx_word' id='word_1_21' title='bbox 184 795 482 861; x_wconf 77' lang='lat' dir='ltr'>dissimilitudinem</span> <span class='ocrx_word' id='word_1_22' title='bbox 506 793 614 878; x_wconf 91' lang='lat' dir='ltr'>potius</span> <span class='ocrx_word' id='word_1_23' title='bbox 639 815 751 876; x_wconf 87' lang='lat' dir='ltr'>quam,</span> <span class='ocrx_word' id='word_1_24' title='bbox 778 792 844 856; x_wconf 90' lang='lat' dir='ltr'>utri</span> <span class='ocrx_word' id='word_1_25' title='bbox 868 791 994 876; x_wconf 88' lang='lat' dir='ltr'>priores</span> <span class='ocrx_word' id='word_1_26' title='bbox 1018 778 1205 876; x_wconf 81' lang='lat' dir='ltr'>deferamus,</span> <span class='ocrx_word' id='word_1_27' title='bbox 1221 794 1285 858; x_wconf 83' lang='lat' dir='ltr'>rino</span> 
     </span>
    </p>

    <p class='ocr_par' dir='ltr' id='par_1_5' title="bbox 184 898 1288 986">
     <span class='ocr_line' id='line_1_6' title="bbox 184 898 1288 986; baseline -0.001 -20"><span class='ocrx_word' id='word_1_28' title='bbox 184 925 270 986; x_wconf 81' lang='lat' dir='ltr'>mur,</span> <span class='ocrx_word' id='word_1_29' title='bbox 298 906 331 967; x_wconf 91' lang='lat' dir='ltr'>et</span> <span class='ocrx_word' id='word_1_30' title='bbox 360 900 518 985; x_wconf 82' lang='lat' dir='ltr'>singulari</span> <span class='ocrx_word' id='word_1_31' title='bbox 542 899 696 964; x_wconf 90' lang='lat' dir='ltr'>beneficio</span> <span class='ocrx_word' id='word_1_32' title='bbox 721 898 821 962; x_wconf 82' lang='lat' dir='ltr'>divini</span> <span class='ocrx_word' id='word_1_33' title='bbox 843 898 988 964; x_wconf 89' lang='lat' dir='ltr'>numinis</span> <span class='ocrx_word' id='word_1_34' title='bbox 1012 900 1108 965; x_wconf 90' lang='lat' dir='ltr'>nobis</span> <span class='ocrx_word' id='word_1_35' title='bbox 1130 901 1288 984; x_wconf 75' lang='lat' dir='ltr'>impertilem</span> 
     </span>
    </p>

    <p class='ocr_par' dir='ltr' id='par_1_6' title="bbox 184 1006 1297 1732">
     <span class='ocr_line' id='line_1_7' title="bbox 184 1006 1291 1092; baseline -0.001 -19"><span class='ocrx_word' id='word_1_36' title='bbox 184 1010 358 1073; x_wconf 89' lang='lat' dir='ltr'>laetemur:</span> <span class='ocrx_word' id='word_1_37' title='bbox 386 1029 462 1071; x_wconf 90' lang='lat' dir='ltr'>nam</span> <span class='ocrx_word' id='word_1_38' title='bbox 486 1007 576 1071; x_wconf 90' lang='lat' dir='ltr'>etin</span> <span class='ocrx_word' id='word_1_39' title='bbox 602 1006 771 1070; x_wconf 92' lang='lat' dir='ltr'>hominum</span> <span class='ocrx_word' id='word_1_40' title='bbox 795 1006 871 1069; x_wconf 86' lang='lat' dir='ltr'>vitis</span> <span class='ocrx_word' id='word_1_41' title='bbox 895 1010 930 1070; x_wconf 89' lang='lat' dir='ltr'>et</span> <span class='ocrx_word' id='word_1_42' title='bbox 951 1006 987 1071; x_wconf 91' lang='lat' dir='ltr'>in</span> <span class='ocrx_word' id='word_1_43' title='bbox 1010 1027 1183 1092; x_wconf 89' lang='lat' dir='ltr'>regnorum</span> <span class='ocrx_word' id='word_1_44' title='bbox 1203 1008 1291 1072; x_wconf 77' lang='lat' dir='ltr'>ricissi</span> 
     </span>
     <span class='ocr_line' id='line_1_8' title="bbox 185 1112 1291 1197; baseline 0.001 -19"><span class='ocrx_word' id='word_1_45' title='bbox 185 1115 352 1178; x_wconf 90' lang='lat' dir='ltr'>tudinibus</span> <span class='ocrx_word' id='word_1_46' title='bbox 380 1135 438 1196; x_wconf 91' lang='lat' dir='ltr'>per</span> <span class='ocrx_word' id='word_1_47' title='bbox 467 1113 631 1178; x_wconf 87' lang='lat' dir='ltr'>contraria</span> <span class='ocrx_word' id='word_1_48' title='bbox 659 1112 725 1178; x_wconf 89' lang='lat' dir='ltr'>itur</span> <span class='ocrx_word' id='word_1_49' title='bbox 749 1112 790 1177; x_wconf 93' lang='lat' dir='ltr'>ad</span> <span class='ocrx_word' id='word_1_50' title='bbox 818 1112 864 1196; x_wconf 89' lang='lat' dir='ltr'>id,</span> <span class='ocrx_word' id='word_1_51' title='bbox 893 1113 979 1197; x_wconf 91' lang='lat' dir='ltr'>quod</span> <span class='ocrx_word' id='word_1_52' title='bbox 1007 1114 1053 1178; x_wconf 90' lang='lat' dir='ltr'>sit</span> <span class='ocrx_word' id='word_1_53' title='bbox 1080 1113 1291 1197; x_wconf 72' lang='lat' dir='ltr'>perfectumve]</span> 
     </span>
     <span class='ocr_line' id='line_1_9' title="bbox 186 1219 1294 1305; baseline 0.002 -21"><span class='ocrx_word' id='word_1_54' title='bbox 186 1221 369 1304; x_wconf 89' lang='lat' dir='ltr'>aperfecto</span> <span class='ocrx_word' id='word_1_55' title='bbox 394 1242 492 1303; x_wconf 89' lang='lat' dir='ltr'>quarn</span> <span class='ocrx_word' id='word_1_56' title='bbox 516 1219 661 1302; x_wconf 85' lang='lat' dir='ltr'>proxime</span> <span class='ocrx_word' id='word_1_57' title='bbox 687 1219 786 1284; x_wconf 90' lang='lat' dir='ltr'>absit:</span> <span class='ocrx_word' id='word_1_58' title='bbox 810 1219 917 1303; x_wconf 89' lang='lat' dir='ltr'>ipsam</span> <span class='ocrx_word' id='word_1_59' title='bbox 936 1224 1047 1284; x_wconf 90' lang='lat' dir='ltr'>autem</span> <span class='ocrx_word' id='word_1_60' title='bbox 1066 1221 1294 1305; x_wconf 75' lang='lat' dir='ltr'>mediocritates,</span> 
     </span>
     <span class='ocr_line' id='line_1_10' title="bbox 186 1327 1294 1411; baseline 0 -19"><span class='ocrx_word' id='word_1_61' title='bbox 186 1350 257 1392; x_wconf 87' lang='lat' dir='ltr'>eam</span> <span class='ocrx_word' id='word_1_62' title='bbox 282 1327 410 1411; x_wconf 88' lang='lat' dir='ltr'>quidem</span> <span class='ocrx_word' id='word_1_63' title='bbox 435 1349 532 1411; x_wconf 88' lang='lat' dir='ltr'>quam</span> <span class='ocrx_word' id='word_1_64' title='bbox 556 1348 688 1391; x_wconf 88' lang='lat' dir='ltr'>auream</span> <span class='ocrx_word' id='word_1_65' title='bbox 712 1329 798 1391; x_wconf 91' lang='lat' dir='ltr'>recte</span> <span class='ocrx_word' id='word_1_66' title='bbox 822 1329 856 1391; x_wconf 92' lang='lat' dir='ltr'>et</span> <span class='ocrx_word' id='word_1_67' title='bbox 872 1327 993 1391; x_wconf 90' lang='lat' dir='ltr'>rectius</span> <span class='ocrx_word' id='word_1_68' title='bbox 1012 1349 1111 1411; x_wconf 84' lang='lat' dir='ltr'>quam</span> <span class='ocrx_word' id='word_1_69' title='bbox 1129 1350 1214 1393; x_wconf 88' lang='lat' dir='ltr'>susm</span> <span class='ocrx_word' id='word_1_70' title='bbox 1230 1329 1294 1392; x_wconf 84' lang='lat' dir='ltr'>illan</span> 
     </span>
     <span class='ocr_line' id='line_1_11' title="bbox 186 1427 1296 1518; baseline 0.001 -21"><span class='ocrx_word' id='word_1_71' title='bbox 186 1434 342 1499; x_wconf 86' lang='lat' dir='ltr'>Horatius</span> <span class='ocrx_word' id='word_1_72' title='bbox 367 1433 479 1518; x_wconf 68' lang='lat' dir='ltr'>dicas„</span> <span class='ocrx_word' id='word_1_73' title='bbox 496 1434 633 1497; x_wconf 87' lang='lat' dir='ltr'>liberam</span> <span class='ocrx_word' id='word_1_74' title='bbox 657 1434 748 1498; x_wconf 88' lang='lat' dir='ltr'>illam</span> <span class='ocrx_word' id='word_1_75' title='bbox 772 1433 916 1516; x_wconf 83' lang='lat' dir='ltr'>avitiis,</span> <span class='ocrx_word' id='word_1_76' title='bbox 944 1427 1084 1498; x_wconf 84' lang='lat' dir='ltr'>virtutes</span> <span class='ocrx_word' id='word_1_77' title='bbox 1108 1439 1211 1499; x_wconf 87' lang='lat' dir='ltr'>autern</span> <span class='ocrx_word' id='word_1_78' title='bbox 1231 1436 1296 1499; x_wconf 81' lang='lat' dir='ltr'>insu</span> 
     </span>
     <span class='ocr_line' id='line_1_12' title="bbox 187 1540 1297 1625; baseline 0 -19"><span class='ocrx_word' id='word_1_79' title='bbox 187 1563 297 1607; x_wconf 89' lang='lat' dir='ltr'>omnes</span> <span class='ocrx_word' id='word_1_80' title='bbox 330 1540 546 1625; x_wconf 85' lang='lat' dir='ltr'>complexum,</span> <span class='ocrx_word' id='word_1_81' title='bbox 584 1544 782 1606; x_wconf 87' lang='lat' dir='ltr'>mementote</span> <span class='ocrx_word' id='word_1_82' title='bbox 814 1541 911 1605; x_wconf 91' lang='lat' dir='ltr'>unius</span> <span class='ocrx_word' id='word_1_83' title='bbox 943 1561 1013 1605; x_wconf 91' lang='lat' dir='ltr'>esse</span> <span class='ocrx_word' id='word_1_84' title='bbox 1045 1541 1186 1606; x_wconf 91' lang='lat' dir='ltr'>numinis</span> <span class='ocrx_word' id='word_1_85' title='bbox 1216 1540 1297 1622; x_wconf 78' lang='lat' dir='ltr'>divini,</span> 
     </span>
     <span class='ocr_line' id='line_1_13' title="bbox 187 1646 860 1732; baseline -0.001 -20"><span class='ocrx_word' id='word_1_86' title='bbox 187 1649 374 1712; x_wconf 87' lang='lat' dir='ltr'>mortalium</span> <span class='ocrx_word' id='word_1_87' title='bbox 399 1649 507 1732; x_wconf 88' lang='lat' dir='ltr'>generi</span> <span class='ocrx_word' id='word_1_88' title='bbox 531 1648 734 1732; x_wconf 87' lang='lat' dir='ltr'>denegatam.</span> <span class='ocrx_word' id='word_1_89' title='bbox 775 1646 860 1712; x_wconf 83' lang='lat' dir='ltr'>Dixi.</span> 
     </span>
    </p>
   </div>
   <div class='ocr_carea' id='block_1_3' title="bbox 653 1864 865 1871">
    <p class='ocr_par' dir='ltr' id='par_1_7' title="bbox 653 1864 865 1871">
     <span class='ocr_line' id='line_1_14' title="bbox 653 1864 865 1871; baseline 0 -1"><span class='ocrx_word' id='word_1_90' title='bbox 653 1864 865 1871; x_wconf 68' lang='lat'>-——.---.--</span> 
     </span>
    </p>
   </div>
   <div class='ocr_carea' id='block_1_4' title="bbox 741 2022 771 2087">
    <p class='ocr_par' dir='ltr' id='par_1_8' title="bbox 741 2022 771 2087">
     <span class='ocr_line' id='line_1_15' title="bbox 741 2022 771 2087; baseline 0 0"><span class='ocrx_word' id='word_1_91' title='bbox 741 2022 771 2087; x_wconf 88' lang='grc'>5.</span> 
     </span>
    </p>
   </div>
   <div class='ocr_carea' id='block_1_5' title="bbox 186 2161 1300 2358">
    <p class='ocr_par' dir='ltr' id='par_1_9' title="bbox 186 2161 1300 2358">
     <span class='ocr_line' id='line_1_16' title="bbox 186 2161 1300 2232; baseline -0.004 -2"><span class='ocrx_word' id='word_1_92' title='bbox 186 2165 326 2231; x_wconf 83' lang='lat' dir='ltr'>Oratio</span> <span class='ocrx_word' id='word_1_93' title='bbox 350 2165 607 2232; x_wconf 83' lang='lat' dir='ltr'>celebrandae</span> <span class='ocrx_word' id='word_1_94' title='bbox 631 2165 839 2230; x_wconf 90' lang='lat' dir='ltr'>memoriae</span> <span class='ocrx_word' id='word_1_95' title='bbox 869 2163 1055 2230; x_wconf 85' lang='lat' dir='ltr'>Guilelmi</span> <span class='ocrx_word' id='word_1_96' title='bbox 1084 2161 1300 2231; x_wconf 87' lang='lat' dir='ltr'>Humboldtii</span> 
     </span>
     <span class='ocr_line' id='line_1_17' title="bbox 366 2271 1144 2358; baseline -0.001 -21"><span class='ocrx_word' id='word_1_97' title='bbox 366 2274 505 2339; x_wconf 88' lang='lat' dir='ltr'>habita</span> <span class='ocrx_word' id='word_1_98' title='bbox 528 2272 590 2338; x_wconf 91' lang='lat' dir='ltr'>die</span> <span class='ocrx_word' id='word_1_99' title='bbox 613 2271 671 2337; x_wconf 92' lang='lat' dir='ltr'>III</span> <span class='ocrx_word' id='word_1_100' title='bbox 696 2295 737 2338; x_wconf 91' lang='lat' dir='ltr'>m.</span> <span class='ocrx_word' id='word_1_101' title='bbox 761 2272 934 2358; x_wconf 86' lang='lat' dir='ltr'>Augusti</span> <span class='ocrx_word' id='word_1_102' title='bbox 957 2294 986 2338; x_wconf 86' lang='lat' dir='ltr'>a.</span> <span class='ocrx_word' id='word_1_103' title='bbox 1011 2272 1144 2357; x_wconf 82' lang='lat'><strong>1843.*)</strong></span> 
     </span>
    </p>
   </div>
   <div class='ocr_carea' id='block_1_6' title="bbox 139 2409 1301 2500">
    <p class='ocr_par' dir='ltr' id='par_1_10' title="bbox 139 2409 1301 2500">
     <span class='ocr_line' id='line_1_18' title="bbox 139 2409 1301 2500; baseline 0.004 -26"><span class='ocrx_word' id='word_1_104' title='bbox 139 2435 173 2475; x_wconf 86' lang='lat' dir='ltr'>rv</span> <span class='ocrx_word' id='word_1_105' title='bbox 276 2415 374 2479; x_wconf 87' lang='lat' dir='ltr'>Anno</span> <span class='ocrx_word' id='word_1_106' title='bbox 398 2415 556 2499; x_wconf 83' lang='lat' dir='ltr'>proximo,</span> <span class='ocrx_word' id='word_1_107' title='bbox 579 2415 743 2479; x_wconf 89' lang='lat' dir='ltr'>auditores</span> <span class='ocrx_word' id='word_1_108' title='bbox 763 2436 821 2479; x_wconf 89' lang='lat' dir='ltr'>suo</span> <span class='ocrx_word' id='word_1_109' title='bbox 839 2417 974 2500; x_wconf 89' lang='lat' dir='ltr'>quisquc</span> <span class='ocrx_word' id='word_1_110' title='bbox 997 2415 1069 2479; x_wconf 90' lang='lat' dir='ltr'>loco</span> <span class='ocrx_word' id='word_1_111' title='bbox 1094 2409 1301 2498; x_wconf 75' lang='lat' dir='ltr'>spectatissimi.</span> 
     </span>
    </p>
   </div>
   <div class='ocr_carea' id='block_1_7' title="bbox 185 2520 1299 2606">
    <p class='ocr_par' dir='ltr' id='par_1_11' title="bbox 185 2520 1299 2606">
     <span class='ocr_line' id='line_1_19' title="bbox 185 2520 1299 2606; baseline -0.004 -22"><span class='ocrx_word' id='word_1_112' title='bbox 185 2542 256 2584; x_wconf 89' lang='lat' dir='ltr'>cum</span> <span class='ocrx_word' id='word_1_113' title='bbox 289 2521 321 2583; x_wconf 93' lang='lat' dir='ltr'>in</span> <span class='ocrx_word' id='word_1_114' title='bbox 350 2520 436 2585; x_wconf 91' lang='lat' dir='ltr'>hunc</span> <span class='ocrx_word' id='word_1_115' title='bbox 466 2525 656 2606; x_wconf 87' lang='lat' dir='ltr'>suggestum</span> <span class='ocrx_word' id='word_1_116' title='bbox 685 2521 913 2605; x_wconf 83' lang='lat' dir='ltr'>escendissem,</span> <span class='ocrx_word' id='word_1_117' title='bbox 944 2543 1228 2606; x_wconf 77' lang='lat' dir='ltr'>comparatumque</span> <span class='ocrx_word' id='word_1_118' title='bbox 1251 2536 1299 2584; x_wconf 89' lang='lat' dir='ltr'>con</span> 
     </span>
    </p>
   </div>
   <div class='ocr_carea' id='block_1_8' title="bbox 183 2750 1332 4497">
    <p class='ocr_par' dir='ltr' id='par_1_12' title="bbox 185 2750 1299 2999">
     <span class='ocr_line' id='line_1_20' title="bbox 274 2750 1299 2822; baseline -0.002 -19"><span class='ocrx_word' id='word_1_119' title='bbox 274 2752 300 2821; x_wconf 87' lang='grc'>*)</span> <span class='ocrx_word' id='word_1_120' title='bbox 321 2752 365 2822; x_wconf 92' lang='lat' dir='ltr'>[ln</span> <span class='ocrx_word' id='word_1_121' title='bbox 388 2751 532 2819; x_wconf 88' lang='lat' dir='ltr'>publicum</span> <span class='ocrx_word' id='word_1_122' title='bbox 555 2750 612 2805; x_wconf 89' lang='lat' dir='ltr'>ium</span> <span class='ocrx_word' id='word_1_123' title='bbox 635 2751 739 2821; x_wconf 83' lang='lat' dir='ltr'>prodiit</span> <span class='ocrx_word' id='word_1_124' title='bbox 758 2752 828 2805; x_wconf 85' lang='lat' dir='ltr'>haec</span> <span class='ocrx_word' id='word_1_125' title='bbox 852 2750 955 2820; x_wconf 86' lang='lat' dir='ltr'>oratic,</span> <span class='ocrx_word' id='word_1_126' title='bbox 979 2751 1116 2820; x_wconf 89' lang='lat' dir='ltr'>prooemii</span> <span class='ocrx_word' id='word_1_127' title='bbox 1140 2751 1227 2804; x_wconf 84' lang='lat' dir='ltr'>instar</span> <span class='ocrx_word' id='word_1_128' title='bbox 1244 2763 1299 2818; x_wconf 74' lang='lat' dir='ltr'>prus</span> 
     </span>
     <span class='ocr_line' id='line_1_21' title="bbox 185 2838 1299 2905; baseline -0.003 -12"><span class='ocrx_word' id='word_1_129' title='bbox 185 2841 239 2895; x_wconf 81' lang='lat' dir='ltr'>fixa</span> <span class='ocrx_word' id='word_1_130' title='bbox 261 2840 348 2894; x_wconf 90' lang='lat' dir='ltr'>indici</span> <span class='ocrx_word' id='word_1_131' title='bbox 370 2840 528 2894; x_wconf 88' lang='lat' dir='ltr'>scholarum</span> <span class='ocrx_word' id='word_1_132' title='bbox 547 2841 736 2895; x_wconf 86' lang='lat' dir='ltr'>Bonnensium</span> <span class='ocrx_word' id='word_1_133' title='bbox 760 2841 928 2896; x_wconf 88' lang='lat' dir='ltr'>aestivarum</span> <span class='ocrx_word' id='word_1_134' title='bbox 948 2856 973 2896; x_wconf 85' lang='lat' dir='ltr'>a.</span> <span class='ocrx_word' id='word_1_135' title='bbox 992 2854 1251 2905; x_wconf 73' lang='lat' dir='ltr'>mnrncccxxxxnr,</span> <span class='ocrx_word' id='word_1_136' title='bbox 1265 2838 1299 2889; x_wconf 72' lang='lat' dir='ltr'>oc</span> 
     </span>
     <span class='ocr_line' id='line_1_22' title="bbox 185 2928 673 2999; baseline 0.006 -18"><span class='ocrx_word' id='word_1_137' title='bbox 185 2928 298 2997; x_wconf 88' lang='lat' dir='ltr'>quidem</span> <span class='ocrx_word' id='word_1_138' title='bbox 316 2929 470 2999; x_wconf 88' lang='lat' dir='ltr'>praemissa</span> <span class='ocrx_word' id='word_1_139' title='bbox 488 2929 673 2998; x_wconf 87' lang='lat' dir='ltr'>praefatione:</span> 
     </span>
    </p>

    <p class='ocr_par' dir='ltr' id='par_1_13' title="bbox 183 3018 1332 4497">
     <span class='ocr_line' id='line_1_23' title="bbox 276 3018 1298 3088; baseline -0.005 -15"><span class='ocrx_word' id='word_1_140' title='bbox 276 3020 373 3084; x_wconf 74' lang='lat' dir='ltr'>‘Quod</span> <span class='ocrx_word' id='word_1_141' title='bbox 391 3018 492 3072; x_wconf 91' lang='lat' dir='ltr'>iterum</span> <span class='ocrx_word' id='word_1_142' title='bbox 512 3019 604 3086; x_wconf 79' lang='lat' dir='ltr'>rotie,</span> <span class='ocrx_word' id='word_1_143' title='bbox 629 3019 764 3073; x_wconf 83' lang='lat' dir='ltr'>carissimi</span> <span class='ocrx_word' id='word_1_144' title='bbox 788 3018 1007 3087; x_wconf 87' lang='lat' dir='ltr'>commilitones,</span> <span class='ocrx_word' id='word_1_145' title='bbox 1030 3019 1169 3088; x_wconf 88' lang='lat' dir='ltr'>prooemii</span> <span class='ocrx_word' id='word_1_146' title='bbox 1192 3018 1246 3073; x_wconf 87' lang='lat' dir='ltr'>loco</span> <span class='ocrx_word' id='word_1_147' title='bbox 1261 3027 1298 3068; x_wconf 73' lang='lat' dir='ltr'>ors</span> 
     </span>
     <span class='ocr_line' id='line_1_24' title="bbox 185 3106 1298 3177; baseline -0.004 -17"><span class='ocrx_word' id='word_1_148' title='bbox 185 3107 338 3161; x_wconf 88' lang='lat' dir='ltr'>tiunculum</span> <span class='ocrx_word' id='word_1_149' title='bbox 364 3107 555 3176; x_wconf 84' lang='lat' dir='ltr'>proponimus,</span> <span class='ocrx_word' id='word_1_150' title='bbox 583 3107 709 3161; x_wconf 84' lang='lat' dir='ltr'>habitam</span> <span class='ocrx_word' id='word_1_151' title='bbox 734 3124 795 3162; x_wconf 88' lang='lat' dir='ltr'>eam</span> <span class='ocrx_word' id='word_1_152' title='bbox 819 3107 984 3163; x_wconf 84' lang='lat' dir='ltr'>recolendae</span> <span class='ocrx_word' id='word_1_153' title='bbox 1008 3106 1154 3177; x_wconf 87' lang='lat' dir='ltr'>superiore</span> <span class='ocrx_word' id='word_1_154' title='bbox 1177 3122 1243 3160; x_wconf 90' lang='lat' dir='ltr'>anno</span> <span class='ocrx_word' id='word_1_155' title='bbox 1261 3117 1298 3156; x_wconf 80' lang='lat' dir='ltr'>ne</span> 
     </span>
     <span class='ocr_line' id='line_1_25' title="bbox 185 3196 1298 3251; baseline -0.005 -1"><span class='ocrx_word' id='word_1_156' title='bbox 185 3197 291 3250; x_wconf 86' lang='lat' dir='ltr'>moriae</span> <span class='ocrx_word' id='word_1_157' title='bbox 319 3209 532 3250; x_wconf 75' lang='lat' dir='ltr'>sucvsrrssrnfl</span> <span class='ocrx_word' id='word_1_158' title='bbox 560 3210 653 3249; x_wconf 82' lang='lat' dir='ltr'>rrvrvs</span> <span class='ocrx_word' id='word_1_159' title='bbox 681 3210 913 3251; x_wconf 75' lang='lat' dir='ltr'>vnrvnusrnnrrs</span> <span class='ocrx_word' id='word_1_160' title='bbox 936 3211 1114 3251; x_wconf 76' lang='lat' dir='ltr'>susurronis</span> <span class='ocrx_word' id='word_1_161' title='bbox 1133 3198 1204 3251; x_wconf 78' lang='lat' dir='ltr'>Diui</span> <span class='ocrx_word' id='word_1_162' title='bbox 1222 3196 1298 3249; x_wconf 74' lang='lat' dir='ltr'>lens</span> 
     </span>
     <span class='ocr_line' id='line_1_26' title="bbox 185 3285 1299 3357; baseline -0.002 -19"><span class='ocrx_word' id='word_1_163' title='bbox 185 3286 419 3340; x_wconf 79' lang='lat' dir='ltr'>u1chvrnsnnrr</span> <span class='ocrx_word' id='word_1_164' title='bbox 444 3288 494 3354; x_wconf 88' lang='lat' dir='ltr'>lll,</span> <span class='ocrx_word' id='word_1_165' title='bbox 523 3285 552 3339; x_wconf 91' lang='lat' dir='ltr'>id</span> <span class='ocrx_word' id='word_1_166' title='bbox 580 3285 666 3339; x_wconf 88' lang='lat' dir='ltr'>nolite</span> <span class='ocrx_word' id='word_1_167' title='bbox 695 3287 723 3339; x_wconf 92' lang='lat' dir='ltr'>in</span> <span class='ocrx_word' id='word_1_168' title='bbox 753 3304 814 3341; x_wconf 87' lang='lat' dir='ltr'>eam</span> <span class='ocrx_word' id='word_1_169' title='bbox 842 3289 951 3356; x_wconf 89' lang='lat' dir='ltr'>partem</span> <span class='ocrx_word' id='word_1_170' title='bbox 975 3286 1168 3357; x_wconf 82' lang='lat' dir='ltr'>interpretari,</span> <span class='ocrx_word' id='word_1_171' title='bbox 1189 3290 1299 3353; x_wconf 79' lang='lat' dir='ltr'>tanquan</span> 
     </span>
     <span class='ocr_line' id='line_1_27' title="bbox 185 3371 1299 3440; baseline -0.002 -14"><span class='ocrx_word' id='word_1_172' title='bbox 185 3374 360 3428; x_wconf 84' lang='lat' dir='ltr'>ambitiosius</span> <span class='ocrx_word' id='word_1_173' title='bbox 383 3375 548 3429; x_wconf 86' lang='lat' dir='ltr'>contendere</span> <span class='ocrx_word' id='word_1_174' title='bbox 573 3392 636 3429; x_wconf 88' lang='lat' dir='ltr'>cum</span> <span class='ocrx_word' id='word_1_175' title='bbox 659 3391 693 3429; x_wconf 87' lang='lat' dir='ltr'>es</span> <span class='ocrx_word' id='word_1_176' title='bbox 716 3375 897 3431; x_wconf 86' lang='lat' dir='ltr'>universitate</span> <span class='ocrx_word' id='word_1_177' title='bbox 920 3376 1079 3429; x_wconf 89' lang='lat' dir='ltr'>litterarum</span> <span class='ocrx_word' id='word_1_178' title='bbox 1097 3377 1227 3440; x_wconf 83' lang='lat' dir='ltr'>velimus,</span> <span class='ocrx_word' id='word_1_179' title='bbox 1247 3371 1299 3427; x_wconf 79' lang='lat' dir='ltr'>edu</span> 
     </span>
     <span class='ocr_line' id='line_1_28' title="bbox 185 3462 1299 3534; baseline 0 -18"><span class='ocrx_word' id='word_1_180' title='bbox 185 3464 237 3516; x_wconf 89' lang='lat' dir='ltr'>etsi</span> <span class='ocrx_word' id='word_1_181' title='bbox 270 3465 427 3533; x_wconf 86' lang='lat' dir='ltr'>exemplum</span> <span class='ocrx_word' id='word_1_182' title='bbox 459 3462 564 3518; x_wconf 84' lang='lat' dir='ltr'>imitari</span> <span class='ocrx_word' id='word_1_183' title='bbox 597 3480 647 3532; x_wconf 91' lang='lat' dir='ltr'>per</span> <span class='ocrx_word' id='word_1_184' title='bbox 675 3480 704 3516; x_wconf 92' lang='lat' dir='ltr'>se</span> <span class='ocrx_word' id='word_1_185' title='bbox 736 3482 792 3518; x_wconf 90' lang='lat' dir='ltr'>non</span> <span class='ocrx_word' id='word_1_186' title='bbox 820 3468 915 3533; x_wconf 86' lang='lat' dir='ltr'>potest</span> <span class='ocrx_word' id='word_1_187' title='bbox 941 3464 1104 3519; x_wconf 89' lang='lat' dir='ltr'>indecorum</span> <span class='ocrx_word' id='word_1_188' title='bbox 1133 3483 1205 3534; x_wconf 86' lang='lat' dir='ltr'>esse,</span> <span class='ocrx_word' id='word_1_189' title='bbox 1234 3469 1299 3516; x_wconf 66' lang='lat' dir='ltr'>mnes</span> 
     </span>
     <span class='ocr_line' id='line_1_29' title="bbox 185 3550 1299 3625; baseline 0 -20"><span class='ocrx_word' id='word_1_190' title='bbox 185 3552 267 3621; x_wconf 84' lang='lat' dir='ltr'>longe</span> <span class='ocrx_word' id='word_1_191' title='bbox 291 3552 402 3606; x_wconf 88' lang='lat' dir='ltr'>diversa</span> <span class='ocrx_word' id='word_1_192' title='bbox 425 3568 458 3605; x_wconf 89' lang='lat' dir='ltr'>co</span> <span class='ocrx_word' id='word_1_193' title='bbox 482 3553 510 3605; x_wconf 92' lang='lat' dir='ltr'>in</span> <span class='ocrx_word' id='word_1_194' title='bbox 534 3568 635 3621; x_wconf 87' lang='lat' dir='ltr'>genere</span> <span class='ocrx_word' id='word_1_195' title='bbox 659 3553 786 3607; x_wconf 89' lang='lat' dir='ltr'>condicio</span> <span class='ocrx_word' id='word_1_196' title='bbox 810 3558 861 3608; x_wconf 84' lang='lat' dir='ltr'>est</span> <span class='ocrx_word' id='word_1_197' title='bbox 898 3553 969 3606; x_wconf 85' lang='lat' dir='ltr'>Nam</span> <span class='ocrx_word' id='word_1_198' title='bbox 990 3571 1053 3607; x_wconf 89' lang='lat' dir='ltr'>cum</span> <span class='ocrx_word' id='word_1_199' title='bbox 1073 3554 1205 3625; x_wconf 90' lang='lat' dir='ltr'>princeps</span> <span class='ocrx_word' id='word_1_200' title='bbox 1223 3550 1299 3624; x_wconf 72' lang='lat' dir='ltr'>patna</span> 
     </span>
     <span class='ocr_line' id='line_1_30' title="bbox 185 3641 1298 3712; baseline -0.001 -18"><span class='ocrx_word' id='word_1_201' title='bbox 185 3644 294 3712; x_wconf 77' lang='lat' dir='ltr'>nostrae</span> <span class='ocrx_word' id='word_1_202' title='bbox 312 3641 478 3694; x_wconf 86' lang='lat' dir='ltr'>universitas</span> <span class='ocrx_word' id='word_1_203' title='bbox 498 3641 638 3695; x_wconf 86' lang='lat' dir='ltr'>constanti</span> <span class='ocrx_word' id='word_1_204' title='bbox 657 3658 723 3695; x_wconf 88' lang='lat' dir='ltr'>sane</span> <span class='ocrx_word' id='word_1_205' title='bbox 742 3660 792 3695; x_wconf 89' lang='lat' dir='ltr'>usu</span> <span class='ocrx_word' id='word_1_206' title='bbox 811 3642 865 3696; x_wconf 91' lang='lat' dir='ltr'>hoc</span> <span class='ocrx_word' id='word_1_207' title='bbox 883 3643 1043 3696; x_wconf 90' lang='lat' dir='ltr'>institutum</span> <span class='ocrx_word' id='word_1_208' title='bbox 1064 3643 1170 3698; x_wconf 85' lang='lat' dir='ltr'>habeat</span> <span class='ocrx_word' id='word_1_209' title='bbox 1188 3644 1298 3697; x_wconf 73' lang='lat' dir='ltr'>diuturne</span> 
     </span>
     <span class='ocr_line' id='line_1_31' title="bbox 185 3723 1298 3802; baseline -0.001 -20"><span class='ocrx_word' id='word_1_210' title='bbox 185 3746 238 3797; x_wconf 85' lang='lat' dir='ltr'>que</span> <span class='ocrx_word' id='word_1_211' title='bbox 258 3729 457 3783; x_wconf 85' lang='lat' dir='ltr'>consuetudine</span> <span class='ocrx_word' id='word_1_212' title='bbox 477 3729 627 3798; x_wconf 86' lang='lat' dir='ltr'>sancitum,</span> <span class='ocrx_word' id='word_1_213' title='bbox 652 3731 698 3799; x_wconf 87' lang='lat' dir='ltr'>ut,</span> <span class='ocrx_word' id='word_1_214' title='bbox 722 3748 793 3799; x_wconf 86' lang='lat' dir='ltr'>quae</span> <span class='ocrx_word' id='word_1_215' title='bbox 812 3731 961 3800; x_wconf 88' lang='lat' dir='ltr'>quotannis</span> <span class='ocrx_word' id='word_1_216' title='bbox 982 3748 1077 3786; x_wconf 86' lang='lat' dir='ltr'>coram</span> <span class='ocrx_word' id='word_1_217' title='bbox 1096 3731 1233 3802; x_wconf 84' lang='lat' dir='ltr'>frequenti</span> <span class='ocrx_word' id='word_1_218' title='bbox 1248 3723 1298 3783; x_wconf 81' lang='lat' dir='ltr'>auli·</span> 
     </span>
     <span class='ocr_line' id='line_1_32' title="bbox 185 3818 1298 3887; baseline 0 -15"><span class='ocrx_word' id='word_1_219' title='bbox 185 3821 277 3872; x_wconf 88' lang='lat' dir='ltr'>tornrn</span> <span class='ocrx_word' id='word_1_220' title='bbox 297 3836 400 3873; x_wconf 87' lang='lat' dir='ltr'>corona</span> <span class='ocrx_word' id='word_1_221' title='bbox 419 3820 568 3873; x_wconf 89' lang='lat' dir='ltr'>sollemnes</span> <span class='ocrx_word' id='word_1_222' title='bbox 592 3819 732 3873; x_wconf 86' lang='lat' dir='ltr'>orationes</span> <span class='ocrx_word' id='word_1_223' title='bbox 760 3819 904 3887; x_wconf 77' lang='lat' dir='ltr'>dicuntur,</span> <span class='ocrx_word' id='word_1_224' title='bbox 931 3837 996 3874; x_wconf 80' lang='lat' dir='ltr'>mor</span> <span class='ocrx_word' id='word_1_225' title='bbox 1024 3837 1088 3874; x_wconf 90' lang='lat' dir='ltr'>cum</span> <span class='ocrx_word' id='word_1_226' title='bbox 1112 3823 1217 3876; x_wconf 86' lang='lat' dir='ltr'>maiore</span> <span class='ocrx_word' id='word_1_227' title='bbox 1241 3818 1298 3873; x_wconf 75' lang='lat' dir='ltr'>euru</span> 
     </span>
     <span class='ocr_line' id='line_1_33' title="bbox 184 3907 1298 3977; baseline 0.001 -18"><span class='ocrx_word' id='word_1_228' title='bbox 184 3907 320 3963; x_wconf 90' lang='lat' dir='ltr'>lectorum</span> <span class='ocrx_word' id='word_1_229' title='bbox 348 3908 528 3962; x_wconf 90' lang='lat' dir='ltr'>multitudine</span> <span class='ocrx_word' id='word_1_230' title='bbox 557 3907 807 3962; x_wconf 84' lang='lat' dir='ltr'>communicentur:</span> <span class='ocrx_word' id='word_1_231' title='bbox 837 3924 900 3962; x_wconf 90' lang='lat' dir='ltr'>eum</span> <span class='ocrx_word' id='word_1_232' title='bbox 926 3908 1040 3977; x_wconf 89' lang='lat' dir='ltr'>quidem</span> <span class='ocrx_word' id='word_1_233' title='bbox 1063 3910 1116 3965; x_wconf 87' lang='lat' dir='ltr'>illa</span> <span class='ocrx_word' id='word_1_234' title='bbox 1140 3928 1240 3965; x_wconf 84' lang='lat' dir='ltr'>morem</span> <span class='ocrx_word' id='word_1_235' title='bbox 1261 3907 1298 3960; x_wconf 73' lang='lat' dir='ltr'>iot</span> 
     </span>
     <span class='ocr_line' id='line_1_34' title="bbox 184 3986 1298 4067; baseline -0.001 -18"><span class='ocrx_word' id='word_1_236' title='bbox 184 3997 337 4064; x_wconf 90' lang='lat' dir='ltr'>meritoque</span> <span class='ocrx_word' id='word_1_237' title='bbox 362 3999 452 4064; x_wconf 84' lang='lat' dir='ltr'>tenet,</span> <span class='ocrx_word' id='word_1_238' title='bbox 481 3996 585 4066; x_wconf 90' lang='lat' dir='ltr'>quippe</span> <span class='ocrx_word' id='word_1_239' title='bbox 614 3996 658 4050; x_wconf 89' lang='lat' dir='ltr'>cui</span> <span class='ocrx_word' id='word_1_240' title='bbox 687 4014 743 4050; x_wconf 92' lang='lat' dir='ltr'>non</span> <span class='ocrx_word' id='word_1_241' title='bbox 766 3996 907 4066; x_wconf 89' lang='lat' dir='ltr'>professor</span> <span class='ocrx_word' id='word_1_242' title='bbox 930 3999 1039 4051; x_wconf 85' lang='lat' dir='ltr'>tantum</span> <span class='ocrx_word' id='word_1_243' title='bbox 1063 4000 1247 4067; x_wconf 84' lang='lat' dir='ltr'>eloquentius,</span> <span class='ocrx_word' id='word_1_244' title='bbox 1269 3986 1298 4048; x_wconf 74' lang='lat' dir='ltr'>rel</span> 
     </span>
     <span class='ocr_line' id='line_1_35' title="bbox 183 4083 1296 4155; baseline 0.001 -19"><span class='ocrx_word' id='word_1_245' title='bbox 183 4085 258 4137; x_wconf 90' lang='lat' dir='ltr'>idem</span> <span class='ocrx_word' id='word_1_246' title='bbox 277 4085 418 4153; x_wconf 91' lang='lat' dir='ltr'>perfectus</span> <span class='ocrx_word' id='word_1_247' title='bbox 438 4089 532 4140; x_wconf 89' lang='lat' dir='ltr'>orator</span> <span class='ocrx_word' id='word_1_248' title='bbox 552 4084 714 4153; x_wconf 88' lang='lat' dir='ltr'>contigerit,</span> <span class='ocrx_word' id='word_1_249' title='bbox 739 4085 817 4154; x_wconf 88' lang='lat' dir='ltr'>isque</span> <span class='ocrx_word' id='word_1_250' title='bbox 840 4087 901 4138; x_wconf 88' lang='lat' dir='ltr'>tam</span> <span class='ocrx_word' id='word_1_251' title='bbox 920 4085 991 4138; x_wconf 88' lang='lat' dir='ltr'>mira</span> <span class='ocrx_word' id='word_1_252' title='bbox 1010 4086 1117 4155; x_wconf 86' lang='lat' dir='ltr'>ingenii</span> <span class='ocrx_word' id='word_1_253' title='bbox 1136 4090 1166 4142; x_wconf 90' lang='lat' dir='ltr'>et</span> <span class='ocrx_word' id='word_1_254' title='bbox 1183 4083 1296 4142; x_wconf 67' lang='lat' dir='ltr'>fertilior</span> 
     </span>
     <span class='ocr_line' id='line_1_36' title="bbox 184 4174 1296 4245; baseline -0.002 -19"><span class='ocrx_word' id='word_1_255' title='bbox 184 4176 213 4226; x_wconf 94' lang='lat' dir='ltr'>et</span> <span class='ocrx_word' id='word_1_256' title='bbox 231 4174 367 4228; x_wconf 82' lang='lat' dir='ltr'>varietate</span> <span class='ocrx_word' id='word_1_257' title='bbox 385 4178 538 4244; x_wconf 82' lang='lat' dir='ltr'>praestans,</span> <span class='ocrx_word' id='word_1_258' title='bbox 557 4177 588 4228; x_wconf 89' lang='lat' dir='ltr'>ut</span> <span class='ocrx_word' id='word_1_259' title='bbox 607 4190 656 4244; x_wconf 90' lang='lat' dir='ltr'>per</span> <span class='ocrx_word' id='word_1_260' title='bbox 676 4175 790 4244; x_wconf 86' lang='lat' dir='ltr'>longum</span> <span class='ocrx_word' id='word_1_261' title='bbox 810 4192 944 4229; x_wconf 86' lang='lat' dir='ltr'>annorum</span> <span class='ocrx_word' id='word_1_262' title='bbox 963 4175 1085 4243; x_wconf 87' lang='lat' dir='ltr'>spatium</span> <span class='ocrx_word' id='word_1_263' title='bbox 1104 4193 1247 4245; x_wconf 82' lang='lat' dir='ltr'>numquam</span> <span class='ocrx_word' id='word_1_264' title='bbox 1263 4183 1296 4225; x_wconf 72' lang='lat' dir='ltr'>not</span> 
     </span>
     <span class='ocr_line' id='line_1_37' title="bbox 184 4260 1295 4334; baseline -0.001 -18"><span class='ocrx_word' id='word_1_265' title='bbox 184 4266 262 4332; x_wconf 85' lang='lat' dir='ltr'>apte,</span> <span class='ocrx_word' id='word_1_266' title='bbox 285 4280 371 4333; x_wconf 84' lang='lat' dir='ltr'>nove,</span> <span class='ocrx_word' id='word_1_267' title='bbox 394 4263 530 4332; x_wconf 86' lang='lat' dir='ltr'>graviter,</span> <span class='ocrx_word' id='word_1_268' title='bbox 554 4267 583 4316; x_wconf 88' lang='lat' dir='ltr'>et</span> <span class='ocrx_word' id='word_1_269' title='bbox 605 4263 681 4331; x_wconf 89' lang='lat' dir='ltr'>quod</span> <span class='ocrx_word' id='word_1_270' title='bbox 700 4264 853 4333; x_wconf 87' lang='lat' dir='ltr'>praecipua</span> <span class='ocrx_word' id='word_1_271' title='bbox 871 4263 900 4317; x_wconf 92' lang='lat' dir='ltr'>in</span> <span class='ocrx_word' id='word_1_272' title='bbox 923 4262 1006 4317; x_wconf 88' lang='lat' dir='ltr'>lande</span> <span class='ocrx_word' id='word_1_273' title='bbox 1028 4264 1172 4334; x_wconf 86' lang='lat' dir='ltr'>ponimns,</span> <span class='ocrx_word' id='word_1_274' title='bbox 1194 4265 1226 4318; x_wconf 89' lang='lat' dir='ltr'>sd</span> <span class='ocrx_word' id='word_1_275' title='bbox 1246 4260 1295 4315; x_wconf 68' lang='lat' dir='ltr'>ritt</span> 
     </span>
     <span class='ocr_line' id='line_1_38' title="bbox 184 4349 1332 4421; baseline -0.001 -16"><span class='ocrx_word' id='word_1_276' title='bbox 184 4370 263 4405; x_wconf 89' lang='lat' dir='ltr'>usum</span> <span class='ocrx_word' id='word_1_277' title='bbox 291 4356 505 4421; x_wconf 88' lang='lat' dir='ltr'>temporumque</span> <span class='ocrx_word' id='word_1_278' title='bbox 536 4352 659 4406; x_wconf 88' lang='lat' dir='ltr'>rationes</span> <span class='ocrx_word' id='word_1_279' title='bbox 692 4353 903 4407; x_wconf 87' lang='lat' dir='ltr'>accommodate</span> <span class='ocrx_word' id='word_1_280' title='bbox 935 4351 1019 4420; x_wconf 87' lang='lat' dir='ltr'>idque</span> <span class='ocrx_word' id='word_1_281' title='bbox 1048 4353 1159 4408; x_wconf 85' lang='lat' dir='ltr'>fortiter</span> <span class='ocrx_word' id='word_1_282' title='bbox 1185 4356 1212 4407; x_wconf 88' lang='lat' dir='ltr'>et</span> <span class='ocrx_word' id='word_1_283' title='bbox 1235 4349 1295 4404; x_wconf 75' lang='lat' dir='ltr'>liber</span> <span class='ocrx_word' id='word_1_284' title='bbox 1330 4394 1332 4399; x_wconf 95' lang='lat'><em>.</em></span> 
     </span>
     <span class='ocr_line' id='line_1_39' title="bbox 184 4427 1294 4497; baseline -0.005 -2"><span class='ocrx_word' id='word_1_285' title='bbox 184 4440 293 4497; x_wconf 83' lang='lat' dir='ltr'>dixerit.</span> <span class='ocrx_word' id='word_1_286' title='bbox 332 4441 416 4495; x_wconf 83' lang='lat' dir='ltr'>Cuius</span> <span class='ocrx_word' id='word_1_287' title='bbox 440 4442 611 4496; x_wconf 89' lang='lat' dir='ltr'>condicionis</span> <span class='ocrx_word' id='word_1_288' title='bbox 634 4440 765 4495; x_wconf 90' lang='lat' dir='ltr'>felicitati</span> <span class='ocrx_word' id='word_1_289' title='bbox 789 4460 851 4495; x_wconf 89' lang='lat' dir='ltr'>cum</span> <span class='ocrx_word' id='word_1_290' title='bbox 876 4444 1001 4497; x_wconf 87' lang='lat' dir='ltr'>nostram</span> <span class='ocrx_word' id='word_1_291' title='bbox 1025 4442 1085 4497; x_wconf 91' lang='lat' dir='ltr'>nllc</span> <span class='ocrx_word' id='word_1_292' title='bbox 1107 4442 1190 4497; x_wconf 91' lang='lat' dir='ltr'>modo</span> <span class='ocrx_word' id='word_1_293' title='bbox 1207 4427 1294 4493; x_wconf 79' lang='lat' dir='ltr'>consui</span> 
     </span>
    </p>
   </div>
   <div class='ocr_carea' id='block_1_9' title="bbox 0 0 1422 5034">
    <p class='ocr_par' dir='ltr' id='par_1_14' title="bbox 0 0 1422 5034">
     <span class='ocr_line' id='line_1_40' title="bbox 0 0 1422 5034; baseline 0 0"><span class='ocrx_word' id='word_1_294' title='bbox 0 0 1422 5034; x_wconf 95' lang='lat' dir='ltr'> </span> 
     </span>
    </p>
   </div>
  </div>
 </body>
</html>
