2836 5034
226 308 293 372 414
516 322 777 372 Pacuueounuu
800 321 847 370 nu
871 320 1085 370 armemus

227 467 283 531 sed
306 466 533 531 introductam.
580 463 641 531 Sed
665 464 705 530 ab
729 466 758 528 ei
785 464 886 529 dativi
909 485 1063 530 mensura
1085 463 1252 549 spondiaco
1270 488 1336 551 pror·

227 596 282 638 sua
305 595 375 638 esse
399 572 618 658 segregandas
641 571 712 636 baie
734 574 768 635 et
789 571 862 653 quoi
884 571 1006 637 formas
1031 570 1207 657 contendo,
1231 574 1338 657 quasin

228 680 307 745 duas
340 680 485 764 syllabas
519 679 691 744 distractas
724 700 794 743 esse
827 680 922 762 plane
953 699 1052 765 nego,
1084 676 1203 743 nedum
1229 682 1262 743 ut
1279 679 1339 744 licit

227 784 353 871 quoii*)
377 787 574 870 scripturam
601 785 670 850 ulla
692 785 818 850 ratione
841 785 903 850 niti
927 784 1111 851 concedam.
1157 784 1206 851 Ac
1226 784 1261 850 de
1279 788 1361 868 quoi„

227 894 418 978 pronomine
441 891 687 957 Fleckeisenum
710 892 824 956 leerc.
848 890 955 957 Plaut.
982 915 1012 976 p.
1036 892 1080 957 36
1108 914 1238 977 prorsus
1259 893 1340 978 opinio

228 999 359 1064 fefellit:
383 999 468 1082 quod
492 1020 559 1064 nou
582 999 688 1083 magis
712 999 869 1083 producta
891 1021 988 1085 quam
1008 1001 1160 1083 correpta
1177 1000 1343 1083 paenultima

229 1127 384 1190 umquam
407 1104 605 1189 bisyllabum
628 1104 699 1170 fuit
747 1102 807 1170 Oui
831 1105 887 1170 ille
911 1104 1058 1190 opinioni
1081 1104 1266 1190 probandae
1285 1126 1344 1189 quae

109 1300 114 1314 1
230 1234 268 1276 ex
292 1212 364 1276 Aul.
387 1210 429 1294 ΙΙ,
454 1211 483 1295 2,
509 1212 558 1274 12.
595 1209 685 1277 Cure.
709 1210 766 1295 IV,
788 1212 820 1295 4,
846 1213 872 1276 1.
909 1210 993 1276 Men.
1017 1210 1076 1296 III,
1090 1212 1120 1296 2,
1134 1212 1165 1277 9.
1201 1211 1346 1276 Trintbl

105 1341 215 1381 ouxxn
229 1317 376 1401 exempla
404 1315 564 1400 adhibuit,
597 1317 699 1382 allata
727 1317 841 1401 miror,
872 1320 909 1381 ut
940 1317 975 1381 in
1003 1317 1121 1402 quibus
1152 1319 1225 1400 qswi
1252 1317 1347 1382 bomiri

229 1425 401 1490 verborum
422 1429 489 1488 tres
513 1423 659 1507 syllabae
681 1422 806 1506 primae
830 1422 880 1487 vel
899 1424 972 1504 quoi
988 1444 1040 1506 epo
1057 1422 1172 1509 (etiam
1188 1422 1275 1488 Trio.
1288 1421 1350 1508 tlt]

228 1531 427 1596 tribrachum
452 1531 563 1595 eadem
586 1530 713 1595 ratione
736 1528 879 1593 efficiant
897 1551 962 1613 qua
979 1520 1029 1595 etc*
1049 1530 1150 1607 babet,
1172 1520 1202 1595 si
1222 1551 1280 1613 090.
1304 1529 1354 1595 His

228 1659 347 1702 errore,
364 1639 502 1703 mixtum
524 1637 682 1703 Rudentis
704 1658 834 1701 versum
858 1632 914 1719 IV,
937 1633 973 1719 5,
996 1636 1017 1701 3
1044 1635 1114 1720 ipse
1142 1657 1209 1701 non
1238 1636 1373 1722 negabit·
1405 1676 1410 1685 ι

229 1746 275 1809 sic
298 1745 497 1810 metiendum
521 1766 605 1809 esse:

320 1884 414 1951 Satin
437 1888 466 1951 ai
489 1887 565 1970 quoi
588 1885 713 1951 homini
737 1884 773 1950 di
794 1907 864 1950 ease
887 1884 1092 1950 benefactum
1115 1884 1242 1951 uolunt

230 2027 477 2116 Amphitruonis
495 2029 527 2114 1,
542 2029 571 2113 3,
593 2030 636 2094 22
659 2051 724 2094 uno
747 2027 891 2112 reposito
914 2026 985 2092 boae
1006 2048 1065 2112 pro
1087 2027 1150 2107 boo,
1173 2029 1368 2113 transposito

229 2135 327 2199 verbo
351 2136 451 2220 nullo,
473 2136 627 2201 facillime
651 2135 697 2200 sic
719 2135 933 2201 instauratur:

320 2276 405 2353 Quoi
427 2298 488 2363 ego
512 2279 577 2343 iam
602 2277 682 2343 hoce
705 2275 859 2362 scipione.
892 2277 945 2343 Ah
968 2278 1044 2343 noli.
1076 2275 1215 2343 Muttito
1239 2279 1350 2345 modo:

229 2416 307 2502 (nisi
335 2423 483 2504 praestat
511 2419 607 2501 Qoeta
634 2441 700 2503 cpe,
730 2421 864 2485 tametsi
893 2421 927 2486 in
949 2419 984 2484 B
1013 2423 1063 2485 est
1086 2419 1234 2504 Quolcyo,
1269 2423 1305 2488 in
1326 2422 1373 2488 Du

231 2525 406 2611 erocllooo).
429 2527 617 2591 Aululariae
641 2526 682 2608 ll,
707 2528 737 2610 8,
761 2528 803 2591 26
827 2550 892 2593 non
915 2530 965 2591 est
987 2526 1200 2591 dubitandum
1226 2530 1311 2614 quin
1332 2529 1372 2616 (et

229 2634 335 2696 versui
369 2633 498 2717 quidem
531 2635 574 2697 25
604 2632 825 2720 praepositus)
854 2633 963 2698 addito
995 2638 1028 2697 tu
1054 2634 1101 2698 sic
1129 2633 1266 2700 demum
1297 2640 1373 2702 reete

229 2740 396 2823 procedat:

389 2881 471 2958 Quoi
497 2887 532 2947 tu
556 2881 591 2946 in
614 2906 648 2947 re
672 2883 733 2947 tali
756 2883 821 2947 iam
845 2881 1026 2947 subuenisti
1050 2881 1216 2948 antidhac.

229 3023 618 3108 Bacchidum11‚2,47
652 3047 705 3090 nce
736 3047 787 3108 epo
818 3027 984 3108 qrcoiqaam
1015 3021 1206 3091 Hermanno
1239 3026 1373 3093 Bothius

229 3131 380 3213 praeivit:
413 3132 522 3197 eodem
547 3133 615 3196 iure
640 3133 736 3196 scribi
762 3137 818 3196 aut
840 3152 894 3195 aec
915 3133 1080 3213 quoique-or
1102 3131 1226 3197 borram
1251 3135 1375 3219 poterit,

230 3240 286 3300 aut
313 3237 466 3322 fortasse,
499 3261 571 3302 cum
600 3239 632 3301 in
656 3238 690 3300 B
717 3239 833 3303 lacuna
861 3260 877 3302 e
906 3259 1019 3302 rasura
1047 3241 1120 3302 orta
1148 3243 1227 3304 ante
1252 3263 1308 3306 ner
1330 3243 1375 3322 sit,

231 3344 277 3407 sic
300 3345 423 3428 potius:

316 3487 460 3553 Domist:
483 3510 548 3552 non
571 3492 681 3552 metuo
704 3486 783 3551 ruiti
806 3508 864 3551 nec
888 3487 1061 3571 quoiquam
1087 3489 1250 3573 supplico.

228 3627 374 3711 Denique
398 3631 430 3693 in
450 3630 603 3694 Asinaria
627 3629 681 3712 qui
706 3628 890 3711 corruptela
913 3650 1026 3693 vacare
1049 3629 1110 3694 hos
1134 3651 1255 3697 versus
1280 3632 1376 3698 credi·
1407 3686 1410 3723 3

228 3736 311 3799 derit
334 3735 391 3818 IV,
418 3737 445 3819 1,
470 3737 520 3801 33.
544 3737 602 3801 34:

317 3877 533 3962 Spectandum
556 3901 595 3942 ne
620 3878 696 3962 quoi
722 3878 854 3942 anulum
879 3878 933 3941 det
956 3900 1059 3964 neque
1083 3884 1187 3965 roget,

316 3984 416 4051 Tales
439 4009 479 4051 ne
503 3988 678 4071 quoiquam
701 3985 828 4049 homini
852 3983 1026 4050 admoueat
1049 3986 1113 4049 nisi
1136 3986 1217 4051 tibi:

227 4152 304 4193 num
329 4130 402 4194 illos
428 4151 553 4213 quoque
577 4129 729 4193 defendat
752 4128 935 4212 quaerimus
959 4129 1013 4212 qui
1036 4128 1244 4212 praecedunt
1263 4133 1383 4199 30.31:

333 4342 357 4409 ¹⁸)
379 4342 431 4412 [De
450 4341 527 4409 precii
545 4340 683 4411 scriptura
701 4341 730 4394 in
749 4339 858 4410 legibus
877 4337 1043 4394 saeculiVll
1062 4339 1209 4409 frequenti
1230 4344 1268 4401 cl.
1285 4346 1386 4416 Opusc.

226 4430 293 4499 phil.
313 4431 338 4483 ll
357 4449 383 4499 p.
403 4436 453 4483 421
466 4448 506 4497 sq.
527 4430 649 4499 itemque
668 4429 759 4482 Trin.2
777 4448 802 4482 v.
823 4435 883 4485 358.
903 4434 962 4483 558.
983 4429 1056 4500 604.]
