2836 5034
249 311 315 379 418
538 324 799 377 raouaaounua
822 325 869 376 os
891 324 1103 378 aamoumvs

251 479 360 539 autem
383 474 483 539 fuisse
507 496 542 538 or·
565 475 711 559 syllabae
735 474 904 560 rationem,
927 497 948 538 a
966 497 1031 560 qua
1048 473 1133 539 fiunt
1151 473 1250 558 lepide
1263 475 1348 560 better,

251 604 288 648 eo
317 581 424 647 minus
452 582 603 647 credibile
631 587 696 667 est,
730 604 794 667 quo
818 582 962 667 apertius
985 581 1095 647 estin
1117 579 1196 647 illud
1216 583 1304 668 ipsun
1319 584 1354 648 iu«

251 690 363 774 genita
386 689 494 754 indole
518 689 654 753 latinam
677 689 825 773 linguam
849 689 1033 772 inclinasse,
1055 691 1093 752 ut
1114 710 1133 751 r
1154 689 1258 755 littera
1276 690 1351 755 finitas

251 793 395 878 syllabas
420 792 501 881 (non
524 796 630 861 minus
655 819 753 880 quam
772 801 785 860 t
802 797 913 862 littera
934 793 1057 882 finitas)
1077 817 1190 861 omnes
1208 797 1352 882 corriperet:

250 924 327 966 narn
350 902 426 966 hinc
449 903 579 968 demum
603 903 797 988 perspicitur
821 903 877 988 qui
899 902 1031 968 tandem
1054 901 1180 968 factum
1202 903 1244 968 sit
1263 908 1353 989 ntpro

251 1009 365 1074 ductus
396 1011 647 1077 masculinorum
675 1011 896 1076 nominativus
924 1015 1029 1075 orator
1057 1010 1230 1096 paullatim
1256 1011 1356 1077 incon

252 1120 394 1181 stantem
422 1117 615 1202 corripiendi
642 1116 907 1182 consuetudinem
931 1116 1045 1182 abiret
1091 1116 1182 1202 Ergo
1204 1138 1276 1183 cum
1293 1118 1359 1182 liceat

251 1244 328 1287 sane
351 1223 437 1288 idem
460 1224 495 1288 in
518 1224 592 1288 aliis
616 1245 744 1307 quoque
767 1223 891 1288 facturn
915 1223 1082 1309 suspicari,
1103 1226 1216 1289 tamen
1237 1225 1361 1289 rationes

250 1329 283 1392 in
314 1333 466 1414 promptu
497 1351 566 1395 esse
598 1329 713 1395 debere
744 1331 903 1414 pristinae
933 1328 1157 1414 productionis
1186 1331 1364 1417 intellegitur,

249 1435 314 1500 nisi
338 1436 495 1502 alucinari
518 1437 627 1520 potius
652 1457 749 1520 quam
773 1436 966 1519 persuadere
989 1436 1080 1501 velis.
1111 1433 1368 1514 'Quemadmodun

249 1543 352 1629 igitur
379 1545 418 1609 de
442 1543 607 1628 productis
637 1544 713 1610 olim
739 1549 783 1609 ter
804 1550 913 1626 quater
934 1548 1080 1626 quattuor
1100 1545 1234 1625 feliciter
1257 1549 1288 1611 et
1308 1544 1371 1611 sini
1405 1566 1408 1571 ’

250 1651 337 1715 libus
366 1673 460 1716 nemo
489 1651 660 1735 cogitabit,
692 1651 739 1716 ita
767 1673 826 1716 nec
854 1652 959 1733 tupiter
985 1650 1037 1715 vel
1059 1657 1153 1734 poter
1180 1652 1279 1718 facile
1300 1652 1339 1718 fid

249 1758 421 1823 inventura
444 1759 520 1823 sint.
566 1759 619 1822 An
638 1780 759 1842 pauper
782 1780 920 1844 quoque,
943 1758 1032 1823 cuius
1056 1761 1106 1823 est
1130 1760 1300 1845 genetivus
1317 1781 1375 1843 poe

245 1865 339 1946 piris,
363 1863 482 1930 Bothio
506 1864 671 1931 credemus
696 1865 875 1950 spondeum
898 1864 1025 1930 efficere
1048 1863 1132 1930 Men.
1151 1864 1211 1950 IV,
1230 1868 1260 1949 2,
1276 1867 1317 1933 8?
1337 1864 1376 1952 qui

251 1992 361 2034 versus
386 1971 510 2054 pridem
534 1971 680 2036 immisso
704 1974 732 2037 is
755 1975 889 2037 sanatus
913 1976 974 2036 est:

340 2111 374 2178 Si
397 2113 425 2177 is
450 2116 499 2178 est
521 2137 645 2198 pauper
668 2115 765 2198 atque
788 2113 874 2178 haud
898 2115 1012 2196 malvis,
1035 2136 1178 2199 nequam
1202 2114 1349 2181 habe‘tur:
1373 2196 1376 2201 Ι

250 2253 302 2317 vel
324 2255 443 2319 circiter
471 2262 546 2322 ante
574 2257 721 2322 vocalem
744 2278 803 2341 pro
827 2256 947 2321 cretico
970 2256 1115 2342 positum
1140 2253 1222 2323 cisa
1247 2257 1306 2343 IV,
1327 2260 1352 2341 2,

250 2362 284 2425 in
315 2363 361 2426 eis
393 2363 553 2445 versibus,
583 2385 720 2447 quorum
747 2383 806 2428 neo
838 2383 1023 2428 mensuram
1050 2385 1110 2428 nec
1137 2385 1296 2431 numeros
1356 2364 1363 2377 '

251 2491 348 2553 quarn
373 2469 566 2554 explicarit?
590 2472 645 2553 qui
670 2469 800 2553 quidem
824 2469 1073 2535 concitatissimi
1093 2475 1171 2534 sunt
1191 2466 1378 2556 anapaesti‘

252 2575 297 2640 sic
320 2575 386 2639 fere
410 2576 622 2641 describendi:
678 2603 680 2607 ’

117 2739 249 2778 ccxxvii
316 2718 391 2783 Nisi
416 2717 493 2801 quid
517 2719 561 2780 mi
586 2719 656 2802 opis
680 2719 712 2782 di
736 2719 823 2803 daut,
846 2717 991 2803 disperii:
1015 2741 1118 2803 neque
1138 2721 1224 2785 unde
1245 2722 1343 2786 auxili

997 2830 1147 2909 expetam
1172 2848 1236 2913 ego
1262 2827 1367 2893 hibeo.

318 2931 369 2995 Ita
401 2931 581 3015 petulantia
613 2931 767 2996 miseram
799 2932 899 2996 hibet
930 2932 1042 2997 animi:
1081 2955 1165 3016 quae
1197 2935 1234 2998 in
1269 2937 1357 3019 te'rgu

996 3061 1102 3103 meum
1125 3062 1168 3103 ne
1191 3042 1315 3123 ueniat,

317 3143 402 3207 Male
435 3144 586 3227 formido,
620 3146 647 3209 si
679 3168 734 3210 era
765 3146 918 3210 re'sciscat
948 3151 1014 3210 tam
1046 3147 1214 3211 socordem
1249 3168 1319 3212 esse

996 3254 1092 3337 quam
1116 3276 1197 3318 sum.

317 3358 420 3434 Quam
445 3360 477 3423 in
501 3359 650 3424 minibus
679 3360 768 3424 tenid
793 3364 890 3443 atque
914 3361 1039 3443 accepi·
1063 3359 1117 3424 hic
1140 3361 1218 3426 ante
1244 3362 1335 3426 aedis
1355 3360 1390 3426 ci·

997 3466 1133 3549 stellam,

317 3572 382 3637 Vbi
407 3575 484 3657 ea'st,
507 3573 630 3638 neseio:
654 3573 727 3655 nisi,
750 3576 788 3636 ut
811 3573 871 3657 ego
897 3572 1021 3655 opinor,
1044 3572 1117 3637 loca
1140 3576 1266 3639 circiter
1284 3577 1353 3641 exci

996 3678 1076 3743 hae'c
1100 3681 1153 3746 mi.

251 3784 356 3850 Multo
380 3787 486 3850 minus
511 3787 668 3870 producta
691 3785 806 3850 ultima
828 3786 925 3867 icitur·
948 3784 1144 3849 afferendum
1169 3793 1245 3852 erat
1267 3812 1307 3854 ex
1328 3790 1393 3854 Ans

251 3891 434 3975 phitruonis
465 3892 526 3978 (11,
550 3896 579 3975 2,
603 3891 660 3979 87)
692 3914 730 3957 eo
760 3894 848 3975 loco,
881 3893 914 3956 in
943 3913 1007 3974 quo
1035 3913 1193 3976 personae
1219 3901 1401 3985 mutuatus

250 3999 301 4062 vel
330 4000 443 4063 dicitur
471 4022 487 4063 e
516 4001 621 4064 medio
651 3999 834 4083 septenario
863 3999 1004 4063 iambico
1034 3999 1126 4064 Asin.
1150 3999 1197 4083 II,
1224 4004 1256 4085 3,
1280 4005 1316 4068 2:
1353 4000 1394 4066 vel

250 4108 355 4187 opiter
379 4129 395 4170 e
420 4105 522 4171 Stichi
540 4107 596 4189 IV,
623 4110 650 4190 l,
674 4108 726 4189 23,
750 4107 806 4170 ubi
828 4106 862 4171 in
886 4106 1041 4172 trochaici
1065 4107 1161 4172 initio
1187 4109 1277 4191 Quid
1298 4114 1395 4195 actuo

250 4213 421 4294 Epicadum
444 4235 518 4297 non,
542 4213 627 4296 quod
648 4212 782 4298 Lingius
807 4213 886 4277 dicit
908 4213 946 4277 de
970 4213 1063 4278 hiatu
1082 4236 1112 4296 p.
1127 4213 1170 4279 48
1192 4214 1269 4301 (qui
1288 4219 1324 4284 in
1342 4219 1395 4283 hac

251 4321 339 4383 omni
364 4343 479 4384 caussa
503 4320 585 4384 nihil
609 4320 746 4403 profecit
769 4317 995 4406 disputando),
1023 4320 1197 4404 productio
1223 4328 1397 4391 excusatio

250 4448 323 4489 nem
350 4450 369 4489 a
391 4427 544 4511 contiguo
569 4427 698 4491 nomine
722 4427 853 4510 proprio
877 4427 987 4510 habet,
1010 4449 1092 4511 quae
1116 4432 1291 4498 excusatio
1314 4433 1399 4498 nulle
