2886 5032
169 314 235 378 462
457 330 717 378 saosacousus
742 330 789 376 na
814 328 1026 378 assroruavs

11 442 155 542 ccxxvlu
171 475 348 540 substituto
380 475 456 539 calet
487 496 578 556 casca.
608 512 648 521 —
680 474 797 540 Restat
833 480 870 539 ut
906 473 944 538 de
981 473 1300 558 hyperdisyllabi

169 587 356 667 quassatus·
395 581 552 663 Quorum,
575 585 613 646 ut
637 581 775 646 breviter
799 580 914 665 dicam,
938 581 1079 645 similem
1103 581 1138 645 in
1162 581 1246 646 brevi
1267 587 1313 651 ul

169 691 250 753 tima
274 693 441 754 accentum
464 712 503 754 ea
525 693 652 754 tantum
676 693 875 772 receperunt,
899 711 982 773 quae
1000 710 1069 754 non
1087 689 1310 774 paenultimam

169 799 307 880 tantum,
326 796 382 860 sed
401 797 499 860 etiam
519 797 830 879 antepaeuultimam
851 797 982 861 brevem
1000 794 1168 862 haberent
1200 780 1302 872 Quam·

170 924 266 986 quam
291 903 502 967 atrochaicis
527 904 656 986 quidem
680 903 846 968 vocabulis
871 903 984 967 eadem
1008 904 1109 968 etiam
1133 905 1197 968 alio
1216 903 1296 986 ipsius

169 1008 306 1072 rationis
335 1008 519 1074 discrimine
548 1010 679 1074 distant.
725 1009 810 1075 Nam
835 1011 863 1074 si
885 1011 1027 1093 grossitiei
1055 1015 1184 1095 praeter
1204 1008 1293 1093 princi

169 1114 277 1197 palem
302 1137 395 1179 suum
424 1116 458 1179 in
475 1136 535 1196 pro
564 1121 731 1180 accentum
760 1115 905 1201 (quando
934 1117 1019 1182 hunc
1044 1138 1115 1181 esse
1140 1115 1292 1199 legitimus

170 1244 270 1305 supra
288 1221 442 1306 diximus)
463 1223 601 1287 alterum
621 1223 721 1288 habet
740 1224 975 1306 secundarium,
993 1223 1071 1308 quid
1091 1223 1215 1308 patitur
1230 1216 1291 1286 aliul

171 1329 234 1393 uisi
263 1329 471 1415 quodetiam
493 1330 633 1394 uendidit
659 1333 693 1392 et
721 1329 853 1413 similia,
880 1351 963 1414 quse
992 1330 1071 1414 quia
1098 1331 1171 1414 ipso
1195 1329 1269 1394 ambi

171 1457 229 1499 suo
254 1436 347 1500 unius
370 1436 461 1520 pedis
481 1458 666 1501 mensuram
685 1436 850 1518 excedunt,
874 1437 908 1501 in
927 1436 1075 1501 versibus
1093 1458 1164 1501 non
1184 1458 1223 1520 po

169 1565 236 1608 non
259 1544 368 1628 plures
391 1548 544 1608 accentus
573 1542 739 1627 recipere?
784 1541 899 1635 ltaque
926 1543 1010 1607 nihil
1039 1542 1233 1609 molestius
1280 1628 1283 1635 Ι
1310 1568 1311 1572 ’

171 1650 205 1714 in
238 1649 288 1714 his
322 1656 494 1715 senserunt
526 1649 612 1714 Trin.
642 1650 716 1714 852.
753 1649 821 1716 Mil.
848 1649 894 1731 ll,
921 1651 957 1735 2,
984 1651 1014 1715 2.
1050 1649 1130 1734 [llI,
1163 1655 1195 1734 1,
1224 1651 1263 1715 25

170 1755 259 1820 Trin.
283 1757 363 1822 837:

260 1875 393 1964 irrisas
415 1900 513 1965 facia
536 1899 666 1963 naeus
727 1951 1068 1963 ......
1120 1947 1137 1963 ..
1200 1953 1207 1964 .
1262 1951 1268 1962 .

268 2023 414 2090 videritis
437 2026 587 2108 alienum,
611 2046 671 2110 ego
696 2028 807 2089 nostra
859 2076 1269 2089 .......

262 2148 402 2228 [Obicere
421 2172 525 2233 neque
548 2151 581 2212 te
605 2150 720 2214 decora
790 2200 1269 2213 ........
1277 2150 1287 2233 l

261 2274 367 2338 liuere
397 2279 579 2356 antemnas,
612 2271 758 2337 scindere
789 2275 874 2338 uela:
907 2272 944 2338 m'
972 2297 1035 2358 pax
1062 2276 1209 2357 propitii
1241 2275 1258 2339 f

851 2410 854 2421 '
971 2403 1112 2483 praesto.

172 2541 257 2607 Nam
281 2542 365 2626 quod
390 2542 506 2606 horum
529 2543 644 2607 ultimo
670 2564 764 2606 versu
783 2545 926 2626 oxytona
944 2563 1007 2606 vox
1025 2542 1060 2606 in
1080 2545 1226 2626 septimo

172 2655 236 2714 est:
264 2651 479 2733 reputandum
508 2654 558 2713 est
582 2650 783 2714 octonarium
807 2671 892 2733 esse,
911 2649 1000 2735 ¹quod
1023 2670 1128 2733 genus
1155 2653 1259 2716 severi
1290 2648 1299 2665 '

172 2758 232 2820 bus
248 2758 502 2841 septenariorum
519 2757 646 2841 legibus
667 2758 777 2821 multis
797 2759 832 2821 in
850 2758 945 2821 rebus
966 2757 1109 2821 solutum
1131 2765 1197 2824 est:
1217 2783 1258 2844 qu

173 2863 345 2928 admodum
372 2885 474 2946 parvo
498 2864 670 2927 intervallo
695 2864 736 2927 ab
767 2864 823 2926 illo
846 2863 972 2928 distans
995 2867 1189 2931 octonarius
1213 2866 1276 2930 v.8

172 2973 270 3035 etiarn
291 2973 326 3034 in
345 2971 459 3054 quinto
479 2971 558 3054 pede
577 2971 677 3034 habet
693 2972 791 3051 usquc
805 2973 893 3035 modo
911 2976 947 3035 ut
963 2972 1067 3035 adlati:
1092 2978 1194 3056 atque
1213 2995 1270 3038 neu

173 3081 218 3142 ita
243 3084 278 3141 ut
302 3079 397 3142 binae
420 3078 533 3140 breves
554 3077 799 3160 subsequantur.
836 3076 943 3152 Quid?
967 3078 1052 3162 quod
1073 3081 1235 3145 tribrachi
1252 3074 1300 3163 q*

173 3185 246 3249 dem
274 3186 377 3249 maior
407 3206 502 3267 quam
523 3168 676 3247 ¹trochaei
705 3183 891 3247 volubilitas
919 3206 960 3247 ne
989 3186 1021 3247 in
1051 3189 1231 3269 septenarii
1254 3182 1299 3269 q'

174 3293 246 3356 dem
270 3300 362 3358 sesto
386 3292 466 3375 pede
490 3291 656 3373 displicuit
678 3312 705 3353 v.
730 3291 807 3354 906:

41 3467 156 3506 cfxffl
262 3432 385 3518 Oapere
414 3433 511 3497 soleo.
562 3430 646 3507 Quid
675 3436 724 3495 est
753 3433 780 3495 ei
806 3433 859 3512 [cf.
883 3456 912 3516 p.
937 3434 1015 3514 364]
1040 3437 1186 3501 nomen?
1232 3428 1313 3623 Qud}

812 3540 915 3621 edcpdl
937 3539 1063 3604 homini
1084 3545 1201 3625 probo.
1310 3628 1313 3651 Ι

175 3680 297 3745 Contra
321 3686 439 3762 autem,
464 3688 560 3765 atque
585 3682 707 3746 inillis
732 3681 863 3765 factum,
886 3682 1021 3746 ultimae
1045 3684 1197 3766 syllabae
1222 3660 1313 3753 inus]

173 3788 294 3852 tionem
331 3809 403 3852 cum
440 3790 620 3873 dactylicae
657 3811 751 3853 voces
784 3789 835 3852 vel
868 3790 902 3852 in
935 3789 1099 3872 dactylum
1139 3792 1313 3857 desineris

245 4036 270 4106 *)
290 4036 342 4105 [cr.
361 4053 425 4092 ann.
444 4037 481 4089 aa
499 4037 572 4089 sune
592 4037 629 4103 vi
668 4036 723 4089 seu
746 4036 869 4090 erassem
893 4036 1005 4091 casuue
1026 4037 1073 4103 111,
1095 4047 1120 4107 1,
1141 4047 1174 4093 so
1201 4024 1313 4110 apsa

174 4141 224 4178 nec
244 4124 421 4178 choriambus
440 4141 491 4178 nec
510 4141 600 4193 paeon
619 4124 725 4193 primus
745 4140 805 4178 esso
823 4127 931 4195 potest:

312 4231 362 4285 Pol
382 4231 410 4284 id
429 4231 541 4300 quidam
561 4231 689 4300 experior
707 4232 749 4286 ita
767 4247 827 4285 asse
866 4274 1310 4293 ,,,,,,,,,,,

174 4337 228 4390 Vbi
247 4337 310 4390 vide
329 4356 395 4391 num
414 4339 453 4392 sio
472 4339 615 4407 scripserit
635 4341 731 4408 poeta:

313 4445 363 4496 Pol
383 4444 411 4498 id
431 4446 558 4514 experior
576 4445 705 4513 equidem
725 4446 766 4500 ita
784 4463 844 4501 esse
864 4489 1311 4507 ...........
