2886 5032
161 304 225 373 338
449 323 713 375 cronnoonnnr
735 324 783 373 nn
806 324 1019 376 simoninus

159 467 322 534 uasculmn
343 470 506 533 nicanum
530 470 705 535 scriberem
732 470 923 535 aesculum
943 471 1122 548 uicarium,
1153 469 1235 534 item
1259 491 1306 534 co·

160 575 268 640 dicum
291 597 342 640 me
366 577 506 662 vestigia
529 581 715 661 moverunt,
745 578 781 641 in
803 577 921 662 quibus
946 580 997 642 est
1019 576 1182 641 nutarem:
1215 597 1306 661 aegre

160 682 246 746 enim
270 683 458 767 perspicias,
481 684 537 768 qui
562 683 642 750 adeo
666 685 833 749 obscurari
856 683 1084 767 planissimum
1109 687 1143 748 et
1167 705 1229 748 usu
1253 683 1306 747 tri·

159 793 229 853 tum
257 791 419 855 aesculum
446 792 599 875 potuerit.
645 790 720 857 Non
748 791 966 874 incommode,
998 791 1092 856 cuins
1124 790 1306 876 significare

159 897 338 961 exilitatem
369 897 482 981 vellet,
513 919 636 964 rresmrm
665 900 829 963 elnonem
860 897 953 982 dixit,
986 897 1026 962 dc
1053 919 1118 982 quo
1147 897 1306 962 vocabulo

160 1003 300 1086 Appulei
327 1005 521 1089 interpretes
549 1009 685 1090 egerunt
712 1005 753 1070 ad
781 1005 912 1070 Metam.
939 1005 988 1069 XI
1013 1005 1098 1069 init:
1132 1004 1306 1070 deminuti·

158 1130 231 1172 vam
259 1112 433 1177 resculas
461 1111 600 1176 formam
629 1116 662 1176 et
684 1111 799 1176 Festus
828 1114 969 1176 testatur
992 1111 1082 1176 etin
1106 1111 1306 1196 quibuslibet

158 1215 325 1281 adiectivis
350 1219 507 1284 sermonis
527 1240 628 1304 genus
643 1219 836 1283 Plautinum
855 1216 1009 1301 ndmittit,
1033 1217 1306 1301 quemadmodum

158 1322 222 1387 alia
245 1345 382 1408 quoque,
405 1330 443 1390 ut
464 1326 654 1404 uenuslulus,
678 1325 922 1407 lipuziliusculus
947 1323 1047 1389 semel
1070 1326 1203 1388 tantum
1223 1345 1306 1408 repe

157 1430 294 1495 riuntur.
341 1430 412 1507 Quo
442 1432 546 1495 minus
574 1433 697 1496 veritus
726 1453 797 1497 sum
821 1453 880 1515 pro
897 1430 1023 1513 placide
1045 1452 1074 1495 v.
1099 1431 1166 1496 726
1191 1432 1306 1497 substi-

157 1538 247 1600 tuere
282 1535 538 1623 placitores:
584 1539 776 1622 praesertim
817 1560 891 1602 cum
928 1537 1087 1603 adiectivo
1124 1539 1306 1621 plocr'dulm

157 1644 256 1707 etiam
288 1643 454 1708 Ausonius
487 1648 605 1709 ututur.
642 1682 684 1693 —
723 1644 829 1709 Paene
862 1644 984 1710 oblitus
1017 1666 1090 1708 sum
1123 1645 1306 1728 repositum

157 1771 186 1813 v.
200 1750 266 1815 820
287 1751 507 1833 salipotcrrli
531 1750 709 1834 defendere,
733 1752 784 1816 vel
807 1753 917 1835 potius
941 1752 1097 1836 repellere
1120 1773 1181 1835 per
1203 1752 1306 1819 libro·

157 1877 268 1921 omnes
300 1862 517 1943 propagatum
549 1859 749 1940 satslpotcnti.
805 1857 898 1933 Quod
931 1881 1050 1944 quaero
1084 1860 1141 1944 qui
1174 1860 1306 1925 tandem

156 1966 267 2026 tueare
291 1965 433 2047 omnino,
457 1987 529 2029 curn
553 1969 639 2029 recte
659 1986 736 2028 sane
753 1965 872 2030 salsum
892 1986 961 2029 esse
981 1986 1069 2029 marc
1088 1965 1230 2049 dicatur,
1252 1963 1306 2032 scd

156 2091 216 2134 nec
246 2071 364 2135 salsum
395 2092 456 2135 nec
487 2071 573 2136 salse
599 2093 754 2155 umquam
777 2071 812 2135 in
835 2071 999 2135 latinitate
1026 2093 1087 2156 pro
1115 2071 1190 2156 ipso
1222 2070 1306 2165 mariq

28 2201 141 2243 ιιιιιιιιι
155 2177 242 2242 dicta
265 2178 342 2261 sint,
364 2199 404 2242 ne
428 2179 469 2243 ab
494 2179 534 2242 iis
557 2178 686 2263 quidem
710 2178 817 2262 poetis
832 2177 894 2261 ¹qui
917 2163 1034 2243 talium
1057 2178 1149 2243 fuere
1173 2179 1306 2247 ferasin

155 2285 242 2348 simi:
272 2289 308 2349 ut
330 2285 511 2366 solsipotens
533 2283 704 2369 Neptunus
729 2307 794 2349 non
818 2285 862 2348 sit
884 2283 966 2348 elius
990 2284 1119 2349 futurus
1144 2287 1211 2352 nisi
1237 2309 1269 2352 ιιι
1304 2298 1306 2305 “

155 2391 343 2457 riaticorum
367 2395 492 2474 potens.
530 2387 651 2455 Contra
674 2395 708 2455 et
729 2391 795 2456 sole
818 2393 851 2454 et
873 2390 939 2455 salo
962 2391 1028 2455 iam
1053 2392 1190 2476 antiqua
1215 2417 1254 2459 ee

154 2496 238 2561 dixit
260 2520 319 2581 pro
343 2519 380 2563 eo
404 2497 490 2583 quod
514 2502 564 2562 est
588 2495 771 2582 ‘mari'.**)
817 2495 953 2562 Accedit
982 2497 1068 2580 quod
1091 2519 1209 2581 parum
1233 2523 1255 2584 p

154 2603 240 2669 fecto
259 2605 425 2690 eleganter
447 2606 662 2687 salslpolcnti
676 2605 823 2686 Neptuno
841 2609 870 2668 ct
886 2603 1028 2684 flectibus
1050 2605 1170 2670 salsis
1192 2607 1248 2672 lau
1294 2610 1298 2615 '

155 2710 208 2793 agi
237 2715 408 2796 gratesque
436 2712 549 2776 haberi
578 2712 736 2776 dicuntur.
761 2747 804 2757 -
828 2709 889 2774 His
913 2713 950 2774 ut
972 2710 1104 2774 tandem
1128 2712 1230 2777 finem

154 2817 237 2880 ciam
253 2840 385 2882 -nam
405 2818 515 2882 omnia
534 2819 729 2883 exhausturo
749 2816 1001 2883 commentarius
1024 2821 1204 2900 perpetuus
1228 2843 1243 2884 s
1275 2818 1285 2833 ⁶

153 2922 276 2986 bendus
300 2924 344 2987 sit
369 2961 409 2970 -
434 2924 472 2988 de
500 2925 660 3009 corruptis
688 2948 717 2987 v.
744 2924 826 2988 1021
857 2923 1041 2987 nominibus
1069 2927 1214 3008 propriis
1240 2949 1258 2991 e

154 3029 290 3094 aliorum
311 3031 430 3095 iudicia
449 3035 591 3116 expecto,
616 3030 829 3115 probabiliter
847 3035 955 3093 tamen
976 3034 1009 3093 et
1023 3029 1236 3099 Olriruclrrrs
1255 3032 1306 3133 ιιι-’1

153 3140 284 3199 ventum
318 3141 395 3219 puto
429 3140 461 3200 et
493 3136 530 3199 de
564 3137 740 3200 Cercobolrrs
772 3135 969 3217 dubitatum,
1002 3137 1079 3218 quia
1112 3139 1154 3203 ab
1192 3140 1251 3206 ead

152 3245 263 3320 κέρκος
286 3265 364 3306 voce
388 3242 510 3306 facturn
533 3265 652 3307 nomen
666 3242 846 3306 (breonicrrs
869 3241 1048 3325 praecedit:
1072 3247 1162 3327 quod
1182 3250 1244 3313 etsi

153 3348 257 3431 ipsam
277 3350 468 3413 furatrinam
487 3371 553 3413 non
572 3350 667 3432 valet,
687 3356 797 3414 tamen
817 3354 854 3413 ut
872 3348 1024 3413 liberiore
1039 3349 1172 3419 iocandi
1188 3377 1251 3441 gen

153 3456 259 3520 lusum
273 3458 326 3519 vix
342 3457 444 3520 ausim
460 3457 644 3521 sollicitare.
668 3455 791 3531 Quodsi
806 3456 985 3539 repositum
1001 3455 1227 3528 Oricclabus
1239 3486 1261 3528 ιι

153 3567 202 3624 est
225 3562 384 3626 dissimile
408 3564 486 3645 veri,
516 3584 716 3648 consequens
740 3565 790 3626 est
814 3568 850 3626 ut
873 3563 956 3625 tueri
980 3563 1077 3626 liceat
1099 3569 1306 3651 trochaicam

152 3691 336 3733 mensuram
359 3670 503 3754 contigui
526 3670 676 3751 nominis,
701 3669 786 3755 quod
810 3670 843 3732 in
868 3669 960 3732 libris
980 3671 1138 3737 scribitur
1158 3679 1306 3744 crinrrrrsri

153 3797 217 3839 non
246 3777 366 3840 insulse
397 3777 497 3861 igitur
526 3779 700 3842 Crimnus
730 3776 792 3840 dici
823 3777 911 3841 visus
939 3781 1109 3861 tamquam
1133 3781 1301 3851 famelicus

151 3883 289 3960 κρίμνοιε
313 3883 384 3946 be.
404 3885 495 3948 micis
514 3886 610 3968 panis
631 3886 699 3967 ipse
718 3883 946 3967 intentus.***)
976 3884 1015 3948 In
1038 3884 1195 3955 hibridae
1219 3892 1301 3958 vocis

151 3990 290 4071 speciem
320 3994 355 4054 ut
382 3991 447 4054 alia
474 3991 559 4074 spud
584 3991 732 4054 Plautum
761 3991 870 4054 fictum
894 4014 965 4055 esse
989 3992 1175 4062 Collatus
1199 4004 1303 4083 potest

182 4154 362 4161 ..——-.-—

239 4256 265 4321 ⁸)
285 4256 430 4325 [plorideil
449 4256 547 4321 Trin.¹,
566 4257 600 4311 cl.
622 4257 691 4313 Nor.
712 4275 770 4313 exc.
790 4257 801 4311 1
820 4279 847 4329 p.
867 4239 923 4329 88]

219 4344 263 4399 l*l
282 4344 333 4412 [Cf.
354 4345 455 4414 Opusc.
475 4346 544 4414 phil.
567 4347 601 4399 111
621 4365 648 4416 p.
669 4355 719 4401 146
731 4349 804 4418 sqq.]

202 4431 259 4502 m)
279 4420 394 4504 [osso
412 4434 510 4487 rrius.
548 4435 589 4488 cf.
609 4436 710 4505 opusc.
730 4438 798 4506 pen.
819 4438 857 4491 ιιι
876 4458 903 4509 p.
922 4445 1028 4510 amq.
1047 4444 1125 4516 ers]
