2836 5034
163 290 228 354 506
452 302 713 352 raouusouaur
736 303 784 351 ua
807 303 1019 369 aaaroumvs

163 448 253 514 cuius
278 448 480 533 septenarius
505 451 539 527 et
561 469 707 513 caussam
731 450 764 510 et
788 467 883 512 usum
907 447 1021 531 procul
1043 446 1162 512 habuit:

484 589 984 656 -υ-“υέυ-υέυ1-υέυ-

162 716 248 782 Hinc
271 717 357 782 aliud
382 716 555 782 discrimen
578 719 706 797 natum,
734 735 797 797 quo
822 715 989 798 aliquanto
1014 714 1088 801 plus
1110 717 1260 802 gratiaco

163 824 253 889 mario
282 846 378 907 quam
407 822 591 906 septenario
620 821 787 887 conciliari
814 823 931 908 potuit.
977 821 1063 888 Nam
1090 823 1123 888 in
1143 823 1196 888 hoc
1216 845 1262 889 cun

163 931 242 996 duae
272 930 348 995 illae
377 951 529 994 caesurae
559 928 699 994 vicariae
724 927 859 993 duarum
882 931 1014 994 tautum
1037 929 1222 1014 syllabarum
1237 932 1265 994 ia

163 1038 299 1102 tervallo
322 1037 407 1100 inter
435 1058 469 1100 se
493 1035 617 1100 distent
639 1057 813 1119 earumque
836 1035 939 1102 iambi
961 1059 1147 1102 mensuram
1168 1060 1267 1123 aequm·

162 1144 255 1226 tium,
277 1165 336 1208 nec
361 1143 426 1207 vim
450 1142 551 1207 ullam
575 1164 633 1207 nec
657 1144 829 1228 quicquam
853 1143 1029 1209 suavitatis
1051 1143 1170 1209 habere
1187 1143 1269 1210 utrius

163 1274 225 1335 que
249 1251 389 1316 vicariae
417 1271 569 1314 caesurae
598 1250 632 1316 in
659 1249 772 1316 eodem
796 1272 891 1316 versu
914 1251 1100 1317 coniunctio
1123 1252 1232 1335 potuit:
1252 1250 1271 1316 il

163 1358 248 1440 quod
272 1357 367 1434 facile
391 1380 504 1423 eorum
523 1380 673 1423 versuum
697 1359 845 1443 exemplo
865 1358 1007 1438 sentitur
1025 1380 1108 1443 quos
1127 1381 1156 1442 p.
1171 1374 1272 1424 ccum

162 1462 218 1530 inf.
243 1465 319 1546 [501
346 1467 430 1548 sup.]
453 1465 633 1549 posuimus.
678 1465 769 1542 Quae
797 1465 907 1530 omnia
933 1487 1006 1530 cum
1034 1487 1102 1530 non
1130 1465 1262 1531 cadant‘

164 1572 340 1654 senarium,
372 1572 467 1637 huius
500 1572 645 1656 quidem,
676 1573 704 1637 si
737 1573 918 1657 legitimam
947 1572 1214 1658 semiquinariam

162 1678 308 1760 haberet,
342 1679 579 1763 perfectissima
604 1679 711 1743 forma
739 1700 778 1743 ea
805 1679 932 1744 exstitit
959 1701 1042 1764 quae
1072 1679 1112 1743 fit
1143 1681 1228 1745 utriu

163 1787 401 1851 consociatione
423 1786 563 1851 vicariae
586 1808 750 1850 caesurae:

534 1891 937 1959 υέυ-ΙυΔυΙ-υέυ-

161 2018 243 2082 Eam
268 2019 408 2082 formam
431 2019 531 2083 habes
555 2018 644 2082 velut
665 2017 753 2083 Trin.
777 2041 805 2081 v.
833 2018 880 2083 11.
907 2018 960 2083 47.
989 2019 1041 2083 53.
1072 2019 1125 2084 76.
1157 2021 1209 2084 82.
1236 2019 1289 2085 lul

161 2125 235 2189 512.
258 2125 333 2189 513.
356 2126 434 2191 591:

249 2266 449 2332 Nostrumne
472 2289 525 2332 ere
549 2269 599 2333 uis
622 2265 781 2334 nutricem
804 2290 886 2355 quae
909 2290 969 2334 nos
992 2268 1121 2334 educat.

250 2373 430 2461 Suspitiost
451 2375 485 2439 in
509 2377 641 2459 pe‘ctore
665 2376 769 2440 aliend
793 2377 864 2441 sita.

160 2517 310 2592 Qualium
335 2540 485 2581 versuum
509 2517 692 2584 distinctius
716 2518 809 2583 finita
832 2520 916 2583 ratio
940 2520 1020 2584 haec
1045 2524 1107 2602 est,
1133 2526 1171 2585 ut
1194 2545 1251 2607 pro

159 2629 237 2688 nata
261 2629 316 2689 aut
339 2626 427 2709 prior
452 2649 584 2690 caesura
607 2630 663 2691 aut
687 2628 847 2710 posterior
871 2627 1025 2691 stichicae
1046 2627 1098 2691 vel
1121 2630 1295 2713 principalia

158 2732 352 2816 dignitatem
377 2736 518 2816 tueatur,
549 2735 587 2797 ad
619 2734 751 2817 pudicae
775 2734 942 2799 levitatem
967 2733 1175 2817 deprimatur
1200 2738 1261 2801 alte

19 2857 150 2897 cnxxru
166 2874 202 2884 -
231 2839 351 2913 Quodsi
381 2822 529 2904 alterutri
552 2843 678 2904 tantum
703 2841 842 2905 vicariae
867 2863 1016 2906 caesurae
1041 2843 1137 2907 locus
1162 2850 1214 2906 est
1236 2865 1295 2907 eou-

155 2969 272 3029 cessus,
296 2947 358 3011 etsi
378 2947 547 3030 aliquanto
567 2949 671 3011 rarior
690 2971 786 3031 quarn
808 2948 1073 3032 semiseptenaria
1098 2973 1138 3013 ea
1159 2955 1211 3015 est
1228 2968 1294 3035 quar

155 3055 192 3115 fit
214 3057 303 3135 post
326 3055 530 3117 secundam
556 3055 688 3136 arsim,
712 3060 748 3119 ut
773 3078 799 3117 v.
823 3056 898 3118 121:

242 3195 280 3259 ln
304 3197 438 3259 eandem
462 3200 532 3259 tute
557 3197 722 3260 acoe‘deres
747 3197 930 3278 infamiam,

153 3343 261 3401 tamen
287 3362 303 3402 e
328 3339 461 3403 raritate
484 3361 550 3401 nou
575 3342 624 3402 est
647 3339 858 3404 dubitationis
883 3362 997 3403 caussa
1025 3343 1216 3424 repetenda.
1254 3341 1290 3406 llo

153 3448 260 3508 autem
292 3446 325 3509 in
356 3466 471 3528 genere
502 3445 677 3508 cavendum
707 3447 770 3510 fuit
798 3469 839 3510 ne
867 3447 1017 3530 graviore
1048 3453 1128 3531 post
1158 3455 1284 3535 quartam

152 3553 252 3615 araim
276 3552 535 3634 interpunctione
564 3552 734 3617 accedente
759 3554 887 3618 tribus
916 3553 1065 3637 partibus
1092 3580 1228 3640 prorsus
1248 3578 1284 3640 pr·

152 3659 240 3722 ribus
265 3682 377 3723 versus
402 3658 599 3723 decurreret:
624 3660 708 3743 quod
734 3683 806 3724 cum
831 3661 909 3724 satis
934 3662 1161 3727 excusationis
1183 3688 1209 3727 v.
1224 3660 1282 3728 11191

152 3765 271 3829 habeat

241 3873 266 3935 Ο
292 3872 461 3956 Callicles,
485 3898 503 3936 o
528 3873 693 3957 Crilliclear,
719 3898 737 3939 o
762 3873 929 3957 Callicles,

151 4018 185 4077 at
210 4015 383 4078 verendum
408 4020 457 4079 est
482 4022 516 4079 ut
541 4018 667 4081 veniam
692 4019 789 4082 etiam
814 4041 843 4090 a
867 4019 932 4083 582
957 4018 1130 4102 impetret:

239 4155 299 4219 Die
324 4155 464 4240 Callicli,
489 4182 540 4224 me
565 4166 601 4222 ut
624 4160 789 4225 cdnuenat.
838 4160 922 4236 Quin
947 4164 982 4223 tu
1008 4160 1021 4225 ι’
1043 4164 1158 4246 modu,

150 4299 203 4362 ubi
224 4303 280 4361 aut
301 4305 333 4363 ut
351 4322 398 4364 rac
415 4308 564 4366 conuocat
584 4303 862 4386 transponendum
882 4308 938 4367 aut
956 4307 1028 4370 racd
1044 4312 1083 4370 ut
1103 4300 1311 4391 cucurrerunt

220 4409 325 4507 *ᾗῇ
337 4410 428 4494 'liin'
452 4439 492 4494 Cf.
512 4441 581 4495 Nov.
603 4460 660 4496 exc.
680 4441 771 4497 Plaut.
793 4445 804 4496 l
823 4461 849 4511 p.
862 4448 903 4496 tl.
929 4446 1031 4513 Opusc.
1049 4447 1126 4516 phil.
1141 4450 1180 4504 lll
1196 4469 1222 4521 p.
1235 4446 1294 4518 1131
