2836 5034
446 360 711 412 nummorum
735 360 942 411 nnuman
1194 344 1262 413 293

154 506 218 575 llam
234 526 301 573 enm
323 503 411 572 bend
434 526 518 591 raro,
540 505 633 571 nulla
654 507 766 571 tamur
789 504 825 570 in
846 504 910 573 boc
933 525 1052 592 genere
1069 506 1265 593 constantia,

154 614 272 681 bituriam
291 612 414 679 divisas
436 614 576 701 paginas
598 612 728 696 babeat,
750 634 881 678 rursum
905 616 1014 679 autem
1037 613 1074 679 in
1090 613 1144 681 bis
1161 613 1264 681 incre·

153 720 222 787 dbili
244 720 462 787 inconstantia
490 719 653 806 duplicem
684 718 978 786 continuandorum
1008 742 1159 787 versuum
1181 720 1265 789 ordi·

153 850 216 895 nen:
240 827 322 914 quod
353 828 450 913 quale
483 829 528 894 sit
559 827 756 913 explicatum
788 832 840 893 est
871 826 1039 915 Parergon
1067 851 1099 914 p.
1121 828 1187 895 488
1201 850 1264 915 sq:

154 940 203 1001 lun
226 935 298 1001 alias
327 934 364 1001 in
394 936 469 1002 aliia
498 935 647 1029 partibus
677 956 793 1000 manns
822 937 960 1019 apparet
981 934 1094 1002 eodem
1116 936 1264 1021 tempore

155 1041 187 1107 ils
203 1046 362 1128 occupatas
385 1041 497 1126 fuisse,
518 1046 557 1108 ut
580 1064 600 1107 a
623 1040 762 1127 singolis
784 1039 939 1126 librariis,
961 1040 1131 1109 monacbis
1149 1042 1264 1128 opinor

156 1149 265 1215 cenobii
295 1149 435 1217 alicuius
463 1148 647 1216 Germanici
680 1149 792 1234 eisque
823 1147 917 1213 valde
949 1146 1103 1234 indoctis,
1134 1149 1265 1237 singula

155 1275 225 1339 pura
243 1256 486 1323 conficerentur.
531 1254 602 1332 Quo
630 1254 754 1321 factum
782 1258 833 1321 est
859 1262 898 1323 ut
925 1261 960 1323 ct
982 1253 1187 1342 quarundam
1208 1278 1264 1343 pa

157 1359 267 1445 p'aamn
287 1366 400 1449 partes
430 1367 527 1449 atque
555 1362 636 1429 adeo
659 1361 819 1449 quaedam
840 1362 981 1449 paginae
1003 1362 1149 1450 integrae
1171 1386 1265 1450 pror·

158 1486 191 1532 ra
206 1491 316 1537 vacuae
338 1470 473 1537 relictae
496 1469 580 1555 sint,
607 1474 641 1535 et
662 1467 858 1554 quibusdam
881 1468 918 1535 in
939 1468 1021 1537 locis
1044 1470 1151 1537 iustae
1174 1492 1263 1539 men·

155 1592 221 1642 urae
239 1577 513 1664 quaternionibus,
535 1580 574 1642 nt
595 1576 651 1662 qui
671 1597 751 1663 quas
770 1575 926 1643 deberent
941 1574 1053 1643 Plauti
1069 1582 1179 1663 partes
1195 1600 1264 1647 non

153 1690 282 1770 emunt,
314 1706 420 1753 novae
447 1684 656 1751 membranae
683 1681 893 1769 postmodum
916 1684 1107 1751 inmrandue
1128 1686 1263 1753 inerint:

153 1806 254 1870 aarum
274 1814 383 1859 rernm
406 1792 555 1878 exempla
568 1791 733 1858 Poenulus
755 1790 964 1877 potissimum
987 1794 1021 1859 et
1033 1790 1134 1859 Persa
1155 1796 1263 1861 osten·

106 1914 108 1965 ;
152 1888 216 1962 luat
250 1898 396 1966 Indidem
423 1899 504 1966 illud
533 1898 757 1986 explicandum
784 1897 886 1985 quod,
917 1900 1186 1987 completusque
1207 1922 1263 1987 pa
1371 1882 1379 1893 ¹

151 1999 220 2082 dnae
243 2006 393 2073 binorum
421 2011 454 2074 et
481 2007 781 2093 quinquagenorum
809 2026 960 2072 versuum
983 2006 1066 2094 sirit,
1095 2010 1206 2075 amm
1227 2006 1263 2075 in

153 2106 245 2180 allisis
265 2136 420 2181 numerus
443 2113 484 2180 ad
506 2130 569 2179 mv
592 2116 707 2179 auctus
729 2115 796 2197 est,
823 2112 859 2177 in
880 2112 956 2180 aliis
978 2135 1038 2200 per
1058 2112 1167 2181 varios
1189 2134 1264 2201 gra·

154 2210 196 2281 lus
215 2219 255 2287 ita
279 2221 488 2306 imminutae,
518 2223 556 2286 ut
582 2221 710 2285 exstent
735 2218 771 2283 in
797 2218 915 2305 quibua
937 2224 1072 2307 propter
1093 2220 1262 2289 insolitem

152 2314 298 2393 Quum
325 2325 546 2413 granditatem
568 2342 682 2392 mlv
703 2328 832 2391 tantum
854 2326 970 2413 scripti
992 2327 1067 2395 sint
1109 2324 1262 2395 Ceteram

155 2420 215 2497 lunc
234 2434 373 2500 codicem
397 2432 562 2500 sciendum
585 2436 637 2499 est
658 2432 828 2499 Plautinae
851 2431 980 2500 fabulas
1002 2432 1064 2500 XX
1086 2455 1200 2501 omnes
1221 2456 1261 2505 eo

155 2534 190 2614 qli
210 2540 353 2626 vulgatur
380 2540 493 2606 ordine
521 2540 692 2625 complecti
720 2562 786 2605 una
812 2534 886 2605 cum
908 2538 1185 2608 VIDVLARIAE
1213 2542 1261 2608 in·

158 2644 291 2730 eriptione
320 2648 517 2714 Truculento
551 2648 709 2731 subiecta,
741 2647 954 2732 praemissam
987 2653 1095 2715 enimn
1125 2649 1259 2734 Amphi·
1274 2670 1354 2712 xxrx

160 2746 232 2818 tuoni
262 2780 281 2820 a
314 2755 370 2821 fol.
397 2756 441 2820 lb
473 2754 513 2819 ad
546 2756 597 2819 ea
630 2752 880 2832 QVEROLVM.
927 2753 1052 2820 Harum
1076 2756 1261 2823 fabularum

106 2892 111 2913 ·
162 2846 205 2923 III
223 2863 360 2928 indicem
383 2864 488 2948 prima
510 2863 632 2947 pagina
655 2865 744 2926 tenet
766 2861 818 2925 his
841 2861 948 2926 verbis
971 2864 1172 2946 praemissis:
1206 2864 1260 2930 ‘In

106 2976 110 3041 l
158 2953 193 3028 loc
216 2971 375 3035 uolumine
407 2971 612 3035 continentur
645 2969 807 3034 comediae
839 2970 943 3054 plauti
975 2992 1108 3036 numero
1141 2970 1262 3057 xxn’,

157 3071 219 3139 uias
239 3083 346 3142 autem
368 3099 480 3142 versus
504 3077 608 3161 spatio
634 3077 747 3141 relicto
772 3077 858 3141 inter
879 3077 1039 3161 Epidicus
1053 3082 1086 3143 et
1107 3078 1270 3162 Baeticos

155 3181 259 3248 nonina.
287 3183 466 3267 Quodque
491 3187 616 3267 spectet
637 3182 711 3247 inde
735 3182 944 3269 intellegitur,
967 3184 1052 3269 quod
1075 3207 1202 3251 rursum
1226 3187 1261 3252 in

158 3291 310 3376 epcgina
333 3290 368 3354 in
392 3312 455 3374 qna
478 3289 591 3373 incipit
614 3289 819 3374 Amphitruo,
844 3312 926 3375 quae
950 3296 1000 3356 est
1021 3291 1077 3357 fol.
1101 3292 1159 3378 eb,
1181 3293 1261 3359 heco

157 3383 283 3473 luuntur:
306 3396 363 3464 ‘In
386 3398 448 3462 hoc
471 3397 637 3462 uolumine
661 3397 868 3462 continentur
891 3399 1052 3463 comediae
1075 3400 1179 3484 plauti
1203 3422 1260 3465 nu·

156 3511 228 3567 nero.
241 3556 247 3569 .
260 3555 268 3571 .
281 3504 307 3570 .’
339 3504 482 3590 (erasum
515 3510 565 3570 est
594 3504 701 3590 VIII)
734 3527 806 3570 cnm
839 3504 943 3570 indice
975 3510 1049 3571 octo
1078 3507 1261 3573 fabularum

158 3602 263 3679 Illorum
285 3634 370 3678 nunc
393 3634 525 3697 prorsus
549 3633 650 3677 eraso.
697 3612 844 3696 Apparet
867 3612 968 3695 igitur
991 3612 1032 3678 ab
1055 3613 1149 3679 initio
1174 3637 1262 3680 seor-

159 3725 206 3776 llffl
223 3719 344 3804 scriptis
369 3724 442 3784 octo
465 3719 630 3803 prioribus
653 3724 768 3804 postea
790 3718 920 3784 demum
944 3720 1117 3785 accessisse
1141 3721 1175 3786 in
1197 3722 1261 3788 fine

159 3812 262 3890 adiectas
283 3826 481 3911 posteriores
505 3825 683 3910 duodecim,
706 3826 739 3890 in
763 3826 921 3912 principio
946 3824 1128 3903 Querulum
1148 3829 1261 3896 —De

159 3935 309 3999 eneceris
333 3933 473 3998 secunda
496 3954 594 3998 manu
618 3933 723 4018 fectis,
746 3955 882 4018 quarum
906 3934 941 3999 in
965 3936 1061 4000 certis
1085 3935 1204 4002 fabulis
1228 3943 1262 4004 et

160 4029 294 4105 mullitudo
316 4061 438 4126 magna
460 4043 494 4104 et
516 4040 735 4105 memorabilis
754 4041 838 4105 ratio
858 4044 916 4125 est,
940 4041 1046 4107 dicam
1065 4042 1106 4107 ad
1120 4042 1260 4111 Militem

161 4128 296 4210 doricum
311 4148 355 4232 [p.
370 4144 483 4211 XVIII
493 4148 589 4232 sqq.]:
609 4146 649 4211 ad
664 4145 888 4212 Trinummum
908 4149 994 4214 enim
1012 4149 1074 4215 hoc
1093 4151 1161 4215 fere
1179 4153 1261 4219 nihil

162 4245 271 4316 ltflinet
292 4288 335 4299 —
358 4253 538 4320 Verborum
567 4254 732 4319 distinctio
761 4277 913 4340 persaepe
941 4263 998 4322 aut
1021 4258 1110 4323 nulla
1133 4263 1183 4323 est
1205 4266 1263 4326 aut

164 4356 241 4457 litia:
257 4360 337 4444 quod
353 4360 482 4447 quidem
496 4382 596 4447 genus
612 4360 850 4445 discrepantiae
864 4362 960 4427 facile
975 4365 1169 4452 intelligitur
1183 4390 1260 4453 pan·

166 4455 262 4530 culmi„
284 4467 436 4554 exemplis
459 4471 492 4533 et
519 4471 645 4534 mutum
668 4468 854 4552 speciminis
876 4458 991 4539 caussa
1014 4478 1261 4545 commemorari
