2886 5032
173 316 238 380 072
551 325 784 374 unrsmrscrm
808 323 937 391 nunpn.

173 495 247 540 reor
270 494 311 537 ne
334 470 558 536 immodestius
582 469 702 533 sentire
726 466 859 531 iudicer.
893 464 1099 551 Quamquam
1122 467 1213 531 etiam
1228 464 1280 528 hinc
1325 454 1327 459 ’

174 579 278 665 petita
300 577 451 642 laudandi
475 593 574 642 naurs
602 581 636 640 et
663 572 838 639 venerandi
866 573 1104 638 materiarum
1125 576 1158 637 et
1178 571 1281 656 amplior

175 687 233 769 sit,
265 707 363 770 quam
392 684 482 748 cuins
511 704 614 766 capax
642 681 686 746 sit
712 680 812 745 horae
837 680 996 764 brevitas,
1026 683 1148 745 ettam
1172 678 1281 744 omniun
1324 674 1327 703 ¹

175 793 277 857 oculis
306 794 421 875 aperta
447 793 579 874 tamque
609 786 826 853 consentienti
855 787 1102 870 praeconiorum
1133 783 1283 850 testinans

176 899 361 981 decantata,
397 901 435 961 nt
466 917 581 979 parum
613 893 691 959 novi
725 892 820 959 vobis
857 894 987 959 narrari
1024 913 1120 977 posse
1155 890 1283 957 videatur:

175 1003 287 1088 paullo
306 1003 448 1067 liberius
478 1000 654 1085 exspatiari
681 1000 795 1065 licebit
824 1004 856 1064 et
883 1000 924 1065 ab
954 1000 1010 1084 iis,
1042 1021 1126 1085 quae
1151 995 1284 1082 inpetis

175 1115 290 1176 nostra
317 1131 387 1174 esse
415 1108 576 1192 praestita
603 1105 783 1172 communis
806 1128 869 1171 vox
898 1104 1151 1171 admirabundae
1172 1105 1285 1187 Europae

175 1214 306 1297 clamet,
335 1217 488 1280 avocatus
517 1217 641 1278 mentes
671 1216 797 1278 vestras
826 1210 865 1275 ad
879 1233 928 1275 ea
950 1232 1127 1296 parumper
1148 1211 1287 1291 traditum

175 1343 259 1405 quae
283 1342 353 1385 esse
376 1319 573 1404 praestanda
597 1319 768 1384 videantur
796 1323 831 1384 et
852 1319 1047 1402 praestitum
1070 1319 1114 1384 iri
1137 1324 1219 1384 certo
1237 1337 1286 1382 con·

176 1429 321 1492 fidamus.
373 1426 465 1503 Quod
499 1428 599 1493 nolim
633 1428 680 1492 ita
711 1425 987 1511 interpretemini,
1024 1426 1119 1511 quasi
1151 1427 1286 1512 quicqum

176 1536 332 1599 omissum
365 1534 415 1598 vel
448 1557 468 1600 a
500 1535 670 1599 voluntate
703 1533 754 1597 vel
791 1532 832 1597 ab
869 1530 1099 1616 intellegentia
1135 1548 1286 1617 conquerar,

176 1642 262 1725 quod
288 1642 357 1706 fieri
386 1655 444 1725 per
472 1662 544 1706 eam
573 1663 656 1726 quae
679 1639 783 1705 adhuc
805 1639 869 1704 fuit
891 1639 1008 1704 herum
1030 1660 1139 1703 rerum
1161 1636 1285 1705 condicio

175 1769 250 1812 nem
274 1748 416 1813 deberet.
461 1748 584 1814 Verum
613 1748 642 1812 si
669 1746 759 1812 nulla
788 1746 823 1811 in
851 1751 943 1830 parte
966 1745 1144 1812 subsistere
1166 1762 1287 1830 umqum

176 1875 279 1939 genus
311 1854 490 1920 humanum
520 1877 615 1940 posse
653 1853 850 1936 conceditur,
888 1853 958 1938 sed,
993 1853 1058 1918 nisi
1096 1854 1287 1938 obtorpescat

177 1965 273 2045 atque
310 1962 390 2028 adeo
428 1963 530 2028 emori
565 1962 659 2046 velit,
697 1961 849 2026 continuo
886 1961 958 2025 nisu
993 1959 1125 2046 longius
1161 1954 1287 2045 progredi

176 2072 427 2135 consentaneum
455 2073 507 2135 est
540 2069 575 2134 in
605 2070 787 2134 litterarum
819 2090 946 2153 quoque
979 2072 1013 2133 et
1044 2068 1166 2133 artium
1197 2067 1286 2130 siser

176 2175 348 2241 tandarum
376 2176 732 2260 promovendarumque
761 2197 837 2241 cura
868 2197 969 2242 novas
999 2174 1122 2240 formas
1154 2175 1285 2240 inventu!

175 2284 209 2345 et
235 2281 423 2347 institutum
446 2284 502 2367 iri,
535 2283 652 2366 quibus
681 2283 721 2347 ad
749 2282 888 2348 rectiora
915 2286 950 2347 et
976 2281 1096 2347 altiora
1122 2280 1286 2347 escendstu·

141 2408 162 2449 v
176 2386 221 2453 Et
238 2389 396 2455 eiusmodi
414 2390 567 2475 quiddam
586 2410 727 2474 auguror
749 2388 826 2455 olim
849 2386 993 2453 futurum
1017 2392 1055 2453 ut
1077 2389 1177 2454 etiam
1198 2387 1227 2450 in
1240 2379 1286 2447 mi

175 2496 346 2560 versitates
378 2496 487 2580 cadat,
519 2497 591 2581 ipsa
622 2496 761 2561 rationis
792 2494 982 2561 necessitate
1012 2495 1189 2561 evincente.
1226 2491 1285 2566 ΟΝ

174 2623 269 2668 nemo
297 2603 429 2687 ignorat
455 2607 535 2687 quot
562 2606 596 2668 et
623 2603 733 2689 quales
761 2602 857 2668 hodie
884 2601 1088 2667 adversarios
1110 2606 1219 2667 nactae
1235 2595 1285 2662 sint

174 2707 317 2783 Quorum
346 2710 625 2774 criminationibus
653 2731 738 2775 nunc
766 2710 814 2773 ita
840 2699 968 2773 tantum
990 2713 1082 2793 utor,
1107 2714 1143 2774 ut
1165 2709 1232 2773 hinc
1248 2698 1285 2766 el‘r

174 2837 237 2898 quo
262 2817 355 2880 initio
384 2821 515 2900 sumpto
544 2838 678 2902 pergam
709 2818 748 2882 ad
776 2817 1007 2882 universitates
1036 2838 1109 2882 cum
1139 2819 1200 2883 clia
1223 2812 1284 2897 part

173 2922 398 2987 institutorum
426 2925 631 3006 publicorum
661 2925 701 2988 ad
725 2924 851 2988 litteras
875 2925 1108 3007 pertinentium
1133 2936 1283 3006 comparer·

173 3029 244 3092 das:
278 3032 306 3093 si
334 3030 418 3093 forte
447 3029 570 3112 aliquid
593 3029 668 3094 inde
692 3029 773 3094 lucis
796 3030 831 3094 in
854 3030 983 3094 illarum
1007 3030 1178 3094 commoda
1199 3022 1283 3091 rectius

173 3136 395 3218 perspicienda
418 3133 584 3200 redundet.
620 3134 826 3218 Comparabo
850 3139 957 3200 autem
981 3156 1048 3199 non
1068 3158 1143 3201 cum
1161 3158 1199 3201 ea
1214 3132 1284 3218 perit

173 3263 254 3324 quae
278 3243 425 3322 proximo
449 3244 490 3307 ab
515 3243 580 3306 illis
603 3243 776 3306 intervallo
805 3242 928 3306 distans
953 3243 1196 3326 gymnasiorum
1218 3232 1284 3303 hodie

172 3349 303 3412 nomine
327 3350 625 3434 comprehenditur,
649 3349 704 3413 sed
729 3371 801 3412 cum
825 3369 967 3432 eaquae
992 3349 1142 3431 superior
1164 3337 1284 3412 universi·

170 3455 294 3518 tatibus
318 3455 458 3521 habetur
480 3462 513 3521 et
536 3456 700 3539 proprium
725 3455 962 3519 academiarum
986 3476 1104 3519 nomen
1130 3452 1248 3518 invenit

261 3562 306 3626 lit
329 3563 362 3626 in
386 3563 654 3628 universitatibus
673 3561 810 3646 quidem,
834 3562 945 3644 quales
964 3561 1062 3625 hodie
1081 3567 1167 3645 sunt,
1189 3558 1284 3644 praeitr

172 3668 235 3730 alia
258 3668 434 3750 vituperari
458 3669 519 3735 hoc
544 3670 640 3752 solet,
664 3668 764 3751 quod,
788 3691 860 3732 curn
884 3668 1011 3733 litterae
1035 3667 1127 3751 ipsae
1150 3671 1283 3749 tanqam

172 3779 303 3838 aeterna
330 3777 523 3840 necessitate
551 3776 690 3861 quadam
718 3797 895 3859 numquam
923 3774 1111 3840 intermisso
1145 3772 1282 3859 gradus

171 3881 280 3962 potius
301 3883 414 3965 rapido
433 3905 527 3947 cursu
547 3882 797 3966 progrediantur
816 3887 848 3946 et
867 3903 951 3946 nova
970 3903 1099 3965 semper
1118 3874 1282 3947 incrementa

171 3988 311 4071 capiant,
334 3989 427 4053 illum
452 3990 579 4074 quidem
603 4011 733 4053 cursum
756 4011 821 4053 non
845 3990 925 4053 satis
948 3993 1088 4072 aequent
1111 3990 1231 4053 litteras
1249 3980 1282 4042 dt

171 4096 312 4158 centium
345 4117 510 4177 personae.
557 4094 683 4179 Quippe
716 4095 841 4159 tardius
870 4096 929 4160 has
956 4096 990 4159 in
1019 4098 1115 4160 tanta
1142 4096 1223 4158 vitae
1246 4089 1281 4151 ll*
1325 4158 1327 4165 ,

172 4222 286 4264 manae
310 4203 517 4284 quantumvis
540 4224 597 4285 per
621 4224 655 4266 se
680 4203 786 4266 brevis
810 4202 1021 4266 diuturnitate
1045 4198 1282 4276 instaurarem
1325 4186 1327 4191 ¹

170 4306 331 4371 hnmanae
360 4310 445 4372 enirn
474 4314 609 4373 naturae
639 4310 899 4375 imbecillitatem
928 4314 996 4373 tam
1024 4309 1171 4394 angustis
1193 4301 1281 4368 finibus

170 4413 431 4496 circumscriptae
455 4421 607 4500 certoque
630 4417 762 4480 modulo
787 4418 945 4480 inclusam
969 4416 1113 4481 indolem
1132 4434 1196 4517 uoq
1211 4422 1280 4493 pons
