2836 5034
389 51 579 141 Latinorum
608 52 716 135 poesis
744 55 955 114 monumenta
979 55 1325 133 monumentorumque
1349 50 1410 128 fn,

391 158 534 222 animum
567 156 761 240 applicaturi
798 156 875 220 sint:
908 178 949 220 ne
982 157 1032 218 vel
1060 156 1272 241 neglegenter
1304 158 1415 242 ignora

389 264 491 329 stulte
514 267 547 327 et
570 267 761 347 arroganter
781 268 890 346 spreta
909 261 1037 326 Bentlei
1055 261 1300 347 Hermannique
1323 267 1392 327 arte
1417 292 1418 316 ι

390 371 525 455 ciplina‚
553 370 643 434 cuius
672 389 732 454 ego
760 368 842 432 nihil
866 369 955 433 volui
979 369 1042 433 nisi
1066 369 1244 452 probabilia
1269 371 1418 453 interpre

390 479 510 541 similia
540 480 691 561 portenta
722 477 756 539 in
786 476 848 539 hoc
878 496 994 560 genere
1022 479 1153 558 postera
1181 480 1271 541 actas
1299 476 1409 541 videat

389 584 566 668 praeterita
593 584 690 648 nimia
720 582 823 647 multa
853 587 987 665 experta
1016 587 1066 646 est
1096 605 1168 648 cum
1200 604 1320 669 magno
1351 583 1416 647 litt

239 709 373 751 oocxxnr
389 693 573 754 nostrarum
598 690 716 755 damno
740 693 846 774 atquc,
869 694 905 753 ut
927 689 1032 754 dicam
1056 691 1141 773 quod
1161 691 1276 774 sentio,
1299 689 1411 754 Germ·

392 796 489 861 minis
513 796 676 862 dedecore.
722 794 796 861 Scio
824 818 923 879 penes
952 818 1072 879 paucos
1096 776 1192 861 liodie
1215 797 1334 862 harum
1358 819 1409 860 rer

390 904 510 968 dicium
534 926 616 968 esse:
648 904 704 988 qui
727 905 755 967 si
777 907 926 975 nostram
949 925 1080 986 operam
1104 904 1323 988 probaverint,
1347 905 1378 968 h.
1408 932 1418 961 -,

390 1015 478 1076 recta
500 1011 554 1075 via
577 1032 614 1075 ac
637 1010 764 1074 ratione
786 1031 846 1074 nos
870 1010 1035 1094 ingressos
1058 1031 1129 1074 esse
1148 1013 1181 1073 et
1199 1032 1215 1073 e
1235 1009 1376 1095 singulis
1396 1033 1416 1094 p

389 1139 454 1181 non
477 1118 585 1201 inepte
611 1117 788 1201 explicasse
811 1116 1060 1200 pronuntiarint,
1083 1116 1181 1181 ceteri
1203 1116 1319 1180 abhis
1339 1116 1418 1181 disc

390 1223 563 1308 aliquando
592 1222 733 1287 iudicare
761 1223 823 1306 ipsi
852 1224 988 1307 possint
1033 1221 1169 1288 Discant
1192 1227 1303 1287 autem
1326 1225 1375 1288 ita

389 1331 481 1413 piant
508 1351 528 1393 a
555 1330 727 1413 credendo,
759 1352 824 1413 qua
851 1331 904 1394 via
931 1330 1003 1394 sola
1025 1330 1058 1393 in
1082 1329 1195 1414 quavis
1219 1332 1289 1393 arte
1315 1330 1415 1415 aliqui

389 1436 508 1499 ficitur:
532 1435 665 1500 credant
687 1436 790 1521 igitur
812 1458 878 1501 non
900 1436 1024 1501 frustra
1046 1440 1211 1500 tantorum
1234 1436 1410 1520 ingenioru

387 1543 591 1625 praeclaram
620 1543 722 1607 vitam
751 1543 784 1606 in
812 1543 864 1608 his
893 1544 1011 1607 studiis
1035 1540 1261 1626 consumptam
1286 1565 1372 1608 esse:
1411 1571 1418 1600 ι

388 1671 452 1714 non
476 1650 620 1733 potuisse
644 1651 678 1714 in
701 1650 763 1715 hac
785 1656 878 1734 parte
901 1650 1071 1735 caecutire,
1094 1673 1231 1735 quorum
1254 1650 1290 1715 in
1309 1651 1416 1734 reliqu

388 1756 476 1821 tibus
505 1758 687 1822 litterarum
715 1761 901 1823 nostrarum
930 1780 1065 1823 acumen
1089 1780 1252 1823 summum
1277 1763 1311 1823 at
1334 1759 1408 1822 inco

389 1863 488 1927 bilem
511 1865 664 1929 virtutem
690 1866 854 1929 communi
878 1887 1035 1929 consensu
1060 1863 1269 1928 admiremur:
1299 1864 1417 1928 credan

388 1969 564 2055 doctrinae,
586 1971 707 2053 iudicii,
730 1971 804 2035 fidei
827 1972 860 2035 in
884 1971 949 2036 illis
969 1993 1065 2056 quam
1084 1971 1118 2036 in
1135 1971 1278 2035 librariis
1298 1993 1382 2055 esse,
1412 2000 1416 2010 =

387 2097 457 2140 esse
490 2077 628 2141 similius
661 2100 771 2143 corum
806 2100 887 2162 quae
924 2077 1148 2162 praeceperint
1178 2077 1323 2161 plurima
1356 2098 1418 2141 ve

387 2204 484 2265 quam
512 2184 654 2267 plurima
680 2184 776 2248 falsa:
813 2186 945 2249 credant
972 2184 1110 2279 denique
1133 2207 1200 2250 non
1223 2185 1357 2269 impune
1380 2186 1418 2250 li

387 2288 501 2353 latinis
525 2290 652 2373 litteris,
676 2290 762 2375 quod
786 2289 814 2354 si
838 2290 910 2374 quis
929 2290 963 2353 in
982 2290 1109 2373 graecis
1127 2290 1224 2354 hodie
1243 2295 1367 2374 peccet,
1390 2313 1418 2355 οι

387 2395 452 2459 risu
478 2397 677 2479 explodatur.
729 2394 815 2460 Nam
846 2395 887 2460 ab
915 2395 976 2460 hac
998 2396 1127 2461 demum
1152 2395 1348 2461 verecundia
1370 2419 1418 2481 pr·

387 2505 419 2564 et
442 2505 568 2566 naviter
596 2504 815 2586 intellegendo
846 2508 878 2566 et
902 2503 1075 2585 prudenter
1099 2502 1277 2567 dubitando
1302 2508 1337 2567 et
1362 2503 1415 2567 dili

387 2609 570 2689 quaerendo
601 2611 662 2673 lroc
687 2610 748 2673 sibi
773 2610 852 2672 iuris
877 2608 1102 2693 vindicabunt,
1134 2615 1171 2673 ut
1194 2610 1358 2694 imprimis
1383 2633 1414 2674 sa

387 2713 578 2780 hereditatis
604 2718 755 2781 beneficio
781 2722 945 2800 acceptam
965 2716 1144 2781 doctrinam
1164 2717 1264 2781 etiam
1285 2719 1416 2783 emendo

484 2823 518 2921 ⁴²¹⁸)
538 2826 643 2925 [laed.
663 2857 712 2910 alt.
736 2855 905 2910 ltitschclius
925 2858 1001 2924 ipsias
1024 2856 1156 2925 probavit
1179 2873 1243 2910 cum
1263 2857 1418 2914 Fleckeise

385 2925 453 2992 plril.
473 2926 493 2977 t,
513 2933 546 2979 93
566 2930 601 2995 (a.
623 2931 702 2995 1866)
722 2946 748 2996 p.
765 2935 812 2980 tl:
833 2927 867 2980 cf.
887 2945 971 2996 supra
989 2946 1015 2996 p.
1027 2928 1101 2996 428]

479 3013 519 3079 **)
540 3015 747 3084 [Sequebantur
772 3033 918 3085 operarum
943 3016 1014 3069 vitia
1036 3016 1242 3084 quaedamhic
1264 3019 1417 3076 omittend-

384 3085 540 3140 ditamcnta
559 3087 675 3155 adipso
695 3088 904 3156 prolegomena,
924 3104 996 3155 quac
1016 3087 1133 3156 singulis
1154 3087 1223 3141 locis
1245 3091 1411 3149 subiunxim
