2886 5032
144 323 210 389 322
434 340 697 390 naonsoonrua
720 338 767 388 na
791 336 1001 389 canonicus

146 459 369 565 [susurrari
387 486 462 569 AsJ,
484 508 512 549 v.
536 485 601 551 252
624 487 782 568 uestiplc'cu
806 508 823 549 e
847 501 1051 550 uasrrsercn
1074 484 1198 549 collata
1220 482 1293 549 reli·

145 613 283 676 quorum
306 593 463 656 momoria
484 593 662 675 uestisplice,
684 593 846 674 uesteplice.

234 697 296 764 Sed
320 721 418 784 quam
441 704 509 764 tam
533 700 704 764 luculentis
729 699 930 765 documentis
952 698 1193 784 praestantiam
1217 696 1293 762 Am·

144 805 288 870 brosiani
316 806 434 871 codicis
458 808 538 873 satis
566 807 806 872 demonstrasse
834 805 957 890 videor,
982 827 1058 872 eam
1081 806 1168 871 idem
1192 806 1294 889 probe

144 912 296 999 intellego
321 936 386 979 non
405 914 557 979 continuo
576 915 679 998 ipsius
702 915 898 978 recensionis
920 914 1062 979 bonitati
1085 913 1295 979 tribuendam

144 1041 229 1084 esse:
261 1021 361 1086 immo
392 1021 594 1106 largiendum
623 1025 673 1086 est
700 1024 772 1107 pari
803 1023 854 1086 vel
883 1021 962 1087 adeo
992 1020 1117 1086 maiore
1145 1021 1295 1087 bonitate

143 1127 289 1212 potuisse
308 1124 461 1212 Calliopii
484 1129 704 1194 recensionem
728 1151 807 1193 esse.
844 1127 966 1194 Verum
990 1128 1022 1192 id
1046 1133 1083 1192 ut
1106 1127 1155 1193 ita
1179 1148 1297 1212 reapse

144 1256 214 1299 esse
238 1234 453 1299 demonstrari
476 1236 599 1320 nequit,
622 1237 669 1300 ita
691 1236 817 1301 tamdiu
840 1236 968 1300 nullum
991 1234 1031 1300 ad
1055 1233 1296 1299 emendandum

145 1363 238 1406 usum
262 1342 370 1425 habet,
394 1341 547 1426 quamdiu
572 1363 646 1425 non,
668 1344 773 1426 qualis
797 1342 928 1407 tandem
952 1364 991 1405 ea
1017 1341 1163 1406 recensio
1187 1340 1300 1425 fuerit,

143 1449 246 1513 libera
274 1450 444 1513 etiamtum
467 1470 487 1512 a
510 1449 712 1513 saeculorum
736 1449 899 1532 sordibus,
928 1448 1078 1533 supparis
1102 1449 1225 1513 aetatis
1249 1448 1298 1515 lo·

144 1555 253 1639 cuples
276 1555 370 1619 testis
394 1577 455 1620 nos
479 1555 625 1619 edoceat:
654 1555 759 1639 qualis
784 1555 811 1618 si
835 1555 1046 1638 inpromptu
1070 1558 1169 1639 esset,
1193 1556 1298 1620 inte·

144 1683 249 1746 gram
278 1662 372 1726 nobis
396 1659 547 1745 Calliopii
576 1682 706 1745 operam
736 1665 920 1746 praestans,
947 1683 1012 1726 non
1034 1681 1199 1746 negamus
1223 1684 1298 1727 eam

143 1791 203 1834 nos
241 1769 410 1834 fortasse
441 1790 518 1852 prae
551 1767 761 1832 Ambrosiani
792 1769 979 1834 recensione
1011 1773 1182 1834 secuturos
1212 1790 1300 1842 ,esse

144 1877 188 1940 At
202 1897 278 1940 vero
298 1879 497 1960 quantopere
516 1874 555 1938 de
573 1875 711 1958 pristina
729 1875 874 1939 bonitate
889 1871 1042 1959 Calliopii
1062 1876 1213 1941 recensio
1232 1898 1300 1941 non

143 1983 289 2067 potuerit
310 2004 376 2046 non
398 1981 606 2066 degenerare,
631 1981 797 2046 aestimari
821 2003 838 2045 e
863 1981 960 2064 longe
984 1981 1110 2046 minore
1134 1984 1298 2067 temporis
1337 2058 1339 2067 Ι

144 2088 315 2153 intervallo
343 2093 452 2173 potest
480 2088 566 2173 quod
597 2089 683 2154 inter
710 2087 775 2153 CD
803 2094 836 2153 et
863 2086 897 2151 B
925 2087 1121 2152 intercessit:
1153 2111 1298 2174 quorum

143 2195 195 2260 hic
218 2199 275 2260 aut
298 2195 429 2260 illorum
453 2194 681 2259 additamentis
706 2199 807 2277 caret,
834 2199 872 2258 ut
894 2217 922 2259 r.
946 2194 1012 2258 263
1034 2196 1131 2277 mim,
1162 2200 1224 2260 aut
1252 2197 1297 2261 lar

143 2304 233 2368 cunis
263 2304 313 2367 vel
341 2303 515 2367 levioribus
544 2308 580 2367 ut
602 2325 631 2367 v.
658 2304 699 2367 10
726 2300 803 2388 (eu),
837 2304 886 2366 14.
912 2302 952 2366 15
975 2301 1046 2387 (ei),
1075 2302 1127 2369 rel
1149 2302 1297 2386 complu·

143 2411 227 2474 rium
251 2411 482 2474 vocabulorum
510 2414 547 2474 ut
570 2433 597 2475 v.
622 2409 686 2473 292
709 2430 784 2491 quos
806 2409 1009 2492 conlaudant,
1032 2409 1082 2475 rel
1107 2409 1189 2474 adeo
1213 2409 1294 2475 inte

144 2537 276 2602 grorum
304 2538 457 2581 versuum
485 2517 558 2580 322.
589 2517 668 2599 904,
701 2522 759 2580 aut
788 2515 881 2579 falsis
912 2516 1227 2600 transpositionibus
1257 2518 1310 2585 ut.

144 2646 172 2688 v.
196 2625 216 2688 6
234 2626 376 2706 prinlum
399 2624 503 2706 igitur,
535 2623 574 2687 18
597 2643 707 2686 nomen
731 2644 850 2706 mucce,
878 2622 944 2688 215
966 2624 1067 2689 scobs
1089 2643 1206 2706 comere,
1227 2620 1300 2689 281¹.

144 2733 199 2796 tibi
226 2737 328 2815 cuuto,
356 2731 421 2794 366
449 2750 510 2794 arse
539 2729 692 2811 cyrrum,
720 2729 785 2793 392
813 2751 864 2812 epo
890 2735 939 2812 ut,
966 2731 1031 2794 458
1060 2730 1116 2795 tibi
1143 2728 1283 2812 raquudi,
1324 2800 1339 2821 ἐ

144 2840 208 2904 463
238 2840 293 2904 tciri
315 2839 477 2921 'etlbdiunq
507 2837 571 2901 755
599 2838 699 2918 ipsum
727 2857 804 2919 rem,
836 2841 893 2901 aut
927 2837 1002 2902 aliis
1035 2836 1227 2922 corruptelis
1250 2837 1281 2897 ut
1301 2824 1339 2933 EFJ,

144 2970 172 3010 v.
201 2948 264 3011 223
293 2945 387 3012 alicui
414 2967 472 3028 pro
501 2945 622 3026 simitu,
650 2942 714 3006 539
742 2943 913 3024 saleardus
942 2965 1001 3028 pro
1027 2944 1136 3027 suipra
1164 2946 1223 3026 itu,
1246 2960 1278 3006 ne
1312 2938 1339 3027 ξ

147 3076 231 3116 nunc
249 3054 344 3137 plura
362 3053 535 3117 cumulem:
555 3051 672 3136 quibus
692 3051 845 3136 exemplis
865 3052 1017 3116 omnibus
1036 3056 1074 3115 ut
1092 3052 1167 3116 aliis
1181 3046 1276 3115 multis
1324 3036 1339 3103 ’-

146 3182 243 3223 unum
276 3161 433 3225 bonitatis
466 3164 650 3224 consortem
678 3157 782 3223 Vetus
815 3159 871 3222 ille
903 3159 1011 3243 ipsum
1038 3158 1273 3223 Ambrosianum
1324 3142 1339 3185 ²·

52 3287 129 3327 nxrv
145 3265 251 3330 habet.
294 3264 381 3349 Ergo
406 3265 482 3329 illuc
507 3269 542 3328 ut
564 3264 702 3347 redeam,
726 3264 904 3348 scripturae
927 3266 1132 3347 praestantia
1154 3263 1272 3329 Ambra
1328 3248 1339 3267 ²

144 3373 225 3436 siani
260 3372 336 3437 libri
369 3376 406 3435 ut
434 3394 500 3436 non
528 3374 571 3436 sit
599 3372 673 3436 ilico
703 3394 719 3434 e
749 3371 990 3436 recensionis
1023 3372 1171 3437 bonitate
1202 3385 1273 3451 rept-
1324 3444 1327 3449 ¹

144 3479 249 3562 tenda,
272 3483 307 3543 at
330 3479 454 3543 aetati
479 3478 596 3543 codicis
620 3477 792 3541 tribuenda
816 3482 876 3561 est,
898 3500 980 3563 quae
1003 3480 1069 3543 vim
1093 3479 1209 3544 habere
1230 3476 1275 3539 bo·

143 3586 256 3650 nitatis
286 3587 440 3651 vicariam
473 3586 604 3651 assolet.
650 3586 757 3668 Atque
786 3584 866 3648 haec
897 3606 972 3650 vera
999 3608 1116 3651 caussa
1143 3591 1204 3669 est,
1230 3591 1280 3646 cur
1328 3626 1339 3669 3

143 3693 324 3776 generatim
352 3691 507 3756 iudicanti
536 3713 600 3754 non
628 3691 734 3774 possit
761 3712 824 3755 non
855 3692 957 3755 multo
987 3693 1092 3757 maior
1119 3713 1189 3757 esse
1210 3691 1285 3755 Am·

146 3798 287 3863 tresiani
320 3820 417 3881 quam
445 3797 670 3861 Palatinorum
704 3798 881 3862 auctoritas
910 3797 1019 3863 videri.
1071 3798 1155 3865 Hinc
1182 3801 1290 3864 autem

145 3927 272 3970 rursum
301 3905 361 3968 hoc
391 3905 611 3988 consequitur,
645 3909 680 3967 ut
703 3904 897 3989 ubicumque
928 3910 1043 3990 suapte
1074 3912 1192 3972 natura
1218 3882 1298 3990 pari

146 4013 292 4076 bonitate
316 4011 382 4074 sint
405 4011 625 4094 discrepantes
654 4011 738 4074 inter
766 4033 799 4074 se
828 4011 1007 4095 scripturae
1031 4034 1047 4076 e
1072 4013 1197 4079 duobus
1219 4011 1306 4076 fou‘

147 4119 234 4181 tibus
257 4117 323 4180 illis
348 4117 476 4200 ductae,
504 4117 601 4180 nulla'
622 4116 723 4200 igitur
751 4121 788 4181 ut
816 4118 849 4181 in
873 4118 1030 4202 exemplis
1055 4118 1160 4184 adhuc
1183 4108 1314 4184 auen?

145 4223 305 4310 deligendi
336 4224 526 4307 necessitas,
559 4224 653 4287 nobis
691 4224 819 4306 quidem
854 4224 950 4289 hodie
981 4225 1069 4290 haud
1102 4218 1316 4292 cursantes

146 4330 326 4416 sequendus
341 4331 374 4394 A
392 4331 446 4414 sit,
470 4335 505 4394 ut
528 4331 560 4394 in
586 4352 649 4415 quo
669 4330 752 4394 ratio
777 4331 1033 4415 antiquitatis
1058 4332 1188 4399 evincat
1208 4352 1302 4418 pro‘

145 4437 394 4502 habilitatem
424 4437 518 4502 fidei
543 4436 698 4502 maiorem
723 4458 801 4501 esse.
847 4436 949 4502 Velut
971 4462 1046 4503 cum
1069 4462 1129 4524 per
1151 4462 1187 4506 ae
1209 4438 1288 4505 nihil
