2836 5034
261 329 325 393 ‘108
488 341 723 392 aaranuscna
746 328 967 407 nuscuntur,
991 339 1185 406 annassan,

812 520 861 584 10.

262 663 749 730 Gratulatiousschreiben
773 662 838 727 der
857 661 1208 747 philosophischen
1225 661 1371 726 Facultil
1410 652 1412 689 ³

262 796 305 835 zu
335 771 442 836 Bonn
470 791 517 833 an
545 767 747 833 Friedrich
777 768 964 833 Thiersch
997 791 1040 834 zu
1074 769 1210 835 dessan
1235 768 1372 851 funlaig·

348 876 545 962 jbhrigem
568 875 911 960 Doctorjubil'aium
936 898 993 940 am
1020 877 1072 942 18.
1094 875 1187 942 Juni
1212 875 1329 959 1858.*l

336 1018 608 1101 Philosophorum
627 1017 714 1083 Ordo
733 1019 744 1102 ΙΙ
760 1017 990 1083 Vniversitatis
1005 1017 1201 1084 Fridericiaa
1217 1016 1378 1083 Guilelmiac

264 1127 440 1191 Rhenanae
456 1124 468 1209 Ι]
486 1122 620 1189 S·P·D
638 1125 649 1210 ΙΙ
666 1123 830 1190 Frideriao
850 1125 1040 1190 Thierschio
1058 1124 1070 1208 ΙΙ
1087 1126 1157 1190 viro
1176 1123 1379 1190 inlustrissimo

265 1234 346 1299 bene
371 1232 619 1299 merentissimo.

354 1340 451 1405 Vitae
475 1339 571 1404 Tvnu
594 1344 627 1403 et
651 1339 796 1425 ingenita
819 1340 941 1406 virtute
965 1344 999 1406 et
1021 1339 1132 1404 debito
1156 1339 1278 1404 honore
1299 1360 1380 1403 cumn·

264 1448 351 1513 latae
375 1447 432 1511 ubi
454 1446 750 1531 auspicatissimum
773 1447 858 1512 diem
877 1446 971 1510 illum
990 1446 1114 1511 instare
1133 1437 1320 1530 accepimus,
1339 1466 1383 1531 quo

265 1560 339 1620 ante
362 1554 443 1634 haec
466 1553 574 1618 decem
597 1554 702 1617 lustra
725 1574 764 1617 ea
787 1553 947 1638 dignitate
970 1558 1084 1618 auctus
1109 1574 1143 1617 es
1166 1575 1232 1637 qua
1255 1573 1384 1636 negamus

267 1661 431 1725 exstitisse
455 1658 504 1723 Tu
527 1658 721 1744 digniorem,
754 1681 818 1725 non
840 1661 1008 1744 potuimus
1030 1681 1097 1724 non
1122 1661 1224 1725 animi
1248 1664 1280 1724 et
1301 1660 1385 1724 laetis·

266 1767 339 1830 simi
373 1770 406 1830 et
439 1765 618 1851 gratissimi
652 1767 799 1832 sensibus
833 1767 976 1852 graviter
1012 1768 1221 1832 commoveri.
1275 1765 1386 1831 Praesta

266 1874 352 1938 enim
379 1894 450 1938 esse
480 1874 637 1939 memoria
659 1896 752 1939 rarae
776 1873 941 1938 doctrinae
966 1878 1063 1959 atque
1086 1874 1279 1959 sagacitatis
1302 1873 1389 1953 Tvrs,

266 2002 330 2064 qua
362 2003 435 2045 aum
468 1984 618 2046 aeternos
650 1986 856 2047 aeternorum
884 1986 1053 2065 poetarum
1083 1980 1193 2047 fontes
1225 1986 1257 2046 et
1287 1982 1389 2046 annac

266 2087 445 2152 enarrando
478 2094 511 2153 et
543 2088 679 2154 facunde
711 2089 871 2154 imitando
903 2088 1089 2153 felicissime
1122 2088 1305 2170 reclusisti,
1338 2094 1389 2153 tau

266 2195 344 2260 artis
368 2195 466 2280 longe
490 2196 791 2279 praestantissimae
810 2195 1050 2261 vicissitudines
1069 2195 1229 2281 singulari
1249 2195 1318 2261 luce
1335 2216 1388 2260 con

265 2301 421 2384 lustrasti,
444 2305 513 2365 tum
537 2304 770 2387 grammaticae
794 2303 985 2386 disciplinae
1008 2308 1041 2367 et
1062 2325 1151 2368 nova
1174 2308 1208 2369 et
1231 2308 1318 2368 certa
1338 2303 1401 2366 lun·

265 2408 416 2472 damenta
430 2407 548 2472 iecisti:
590 2413 721 2493 praesto
739 2431 807 2474 esse
826 2408 1024 2474 nobilissimi
1042 2408 1183 2474 fervoris
1202 2409 1293 2474 illius
1311 2429 1392 2474 mcor

266 2516 369 2599 datio,
402 2536 464 2599 quo
493 2536 559 2579 non
583 2520 727 2580 veterum
756 2520 884 2581 tantum
910 2514 1108 2582 Graecorum
1131 2515 1270 2601 ingenia
1292 2517 1339 2600 pie
1357 2515 1390 2578 lu

266 2625 472 2705 nolenterque
496 2622 639 2705 colendo,
664 2624 718 2687 sed
743 2628 948 2706 posterorum
972 2643 1097 2706 quoque
1122 2645 1142 2686 a
1161 2623 1412 2706 generosissima¹

266 2732 367 2814 stirpe
391 2733 627 2814 prognatorum
650 2729 745 2792 rebus
770 2728 977 2794 sublevandis
997 2732 1093 2813 atque
1113 2729 1333 2795 instaurandis
1349 2751 1391 2812 pu·

266 2837 415 2919 blicaque
439 2836 544 2900 salute
569 2836 688 2900 tuenda
713 2858 749 2900 ac
773 2837 968 2901 stabilienda
990 2835 1245 2901 ΦΙΛΕΛΛΗΝΟ(
1270 2843 1301 2900 et
1322 2836 1391 2900 deco

266 2966 337 3007 rum
362 2965 480 3008 nomen
504 2947 537 3006 et
559 2942 687 3007 laudern
716 2943 928 3007 iustissimam
955 2942 1122 3006 invenisti:
1183 2950 1314 3027 praesto
1339 2960 1389 3006 esse

266 3051 424 3134 cogitatio
448 3051 692 3114 contentionum
717 3050 1032 3133 honestissimarum,
1052 3050 1176 3142 ,quibus
1196 3072 1271 3114 cum
1290 3048 1388 3115 schola·

267 3158 367 3221 sticae
405 3156 621 3222 institutionis
659 3158 827 3223 universae
864 3157 1066 3239 emendator,
1103 3161 1174 3221 tum
1214 3158 1384 3242 optimonm

266 3264 446 3328 studiorum
462 3263 544 3328 Tvrs
564 3265 597 3329 in
616 3265 712 3329 terris
732 3270 764 3329 et
787 3265 935 3330 conditor
957 3269 992 3328 et
1014 3268 1121 3329 custos
1147 3268 1241 3329 tanto
1266 3282 1383 3328 success

157 3459 159 3461 g
266 3371 436 3455 exst'tisti,
465 3375 501 3434 ut
529 3393 623 3436 suum
647 3373 695 3436 Tu
720 3376 962 3456 praeceptorem
993 3393 1058 3435 non
1082 3371 1314 3456 discipulorum
1334 3375 1383 3432 tar

265 3482 336 3542 tum
361 3478 558 3562 frequentia,
587 3480 642 3544 sed
672 3481 744 3562 ipsa
768 3480 907 3544 Bavaria
931 3479 972 3544 ad
995 3479 1236 3545 humanitatem
1261 3480 1329 3543 Tvo
1348 3477 1380 3538 be

265 3585 380 3650 neficio
409 3586 584 3650 informata
612 3587 680 3650 inre
709 3588 888 3671 meritoque
918 3586 1076 3670 suspiciat
1104 3591 1202 3670 atque
1228 3589 1377 3650 veneretur:

311 3697 440 3775 praesto
465 3714 535 3757 esse
559 3693 766 3758 sanctissima
788 3693 895 3778 imago
915 3693 977 3756 viri
995 3693 1074 3756 boni
1099 3697 1133 3756 et
1156 3693 1262 3776 fortis,
1284 3688 1375 3755 fideid

265 3799 445 3883 religionis,
478 3800 623 3864 veritatis
656 3803 752 3882 atque
783 3799 946 3863 libertatis
976 3799 1009 3863 in
1040 3799 1156 3882 quovis
1188 3820 1301 3884 genere
1327 3811 1370 3858 rua

268 3930 323 3972 ore
351 3911 419 3971 tum
449 3908 596 3990 exemplo
625 3906 761 3970 vindicis
790 3906 953 3989 acerrimi,
980 3907 1236 3991 propugnatoris
1264 3905 1367 3970 constat

268 4015 397 4079 tissimi.
443 4013 533 4099 Ergo
562 4017 654 4078 tanta
682 4035 754 4077 cum
784 4013 890 4098 gloria
919 4018 1104 4078 transactae
1134 4014 1249 4077 aetat-is
1278 4016 1364 4087 tanqu

266 4120 440 4204 multiplici
466 4121 584 4185 virtute
608 4123 814 4204 peractorum
843 4119 1054 4184 consiliorum
1078 4119 1358 4203 praeclarissimum!

361 4371 387 4436 ³¹⁸)
408 4367 526 4437 [Bereits
552 4367 729 4436 abgedrnclrt
753 4367 781 4420 in
809 4368 862 4422 den
885 4367 1081 4422 Jahrbuchern
1106 4366 1125 4422 s.
1148 4367 1226 4420 class.
1248 4349 1353 4420 Philonos

267 4461 334 4507 raas
355 4475 382 4525 p,
402 4464 448 4509 nar
464 4457 483 4508 f.
521 4456 548 4510 Ο.
569 4456 626 4526 w]
