2836 5034
318 328 617 377 onsrnnnmonan
640 330 712 377 nnn
735 317 942 378 laniacum.
1139 313 1202 378 717

57 470 279 556 intellegimus
308 493 327 536 a
354 473 447 537 vobis
471 473 506 537 in
529 476 689 556 tempore,
720 472 782 537 hoc
806 475 857 536 est
880 476 955 537 ante
978 472 1131 538 feriarum
1155 474 1204 537 in·

56 577 154 642 itium
178 599 445 662 communemque
468 578 659 661 discessum,
687 578 799 663 quales
823 578 951 642 futurae
975 579 1042 644 sint
1064 582 1203 647 rescisci.

56 683 156 748 Illam
185 685 286 770 igitur
313 683 503 749 tarditatem
532 707 603 749 cum
632 685 701 749 iure
730 688 839 750 vestro
868 704 964 767 saepe
987 686 1093 768 questi
1116 687 1203 752 sitis:

55 791 155 856 nobis
183 790 312 876 quidem
341 791 548 856 vehementer
575 791 747 857 dolendum
776 795 826 855 est
849 789 953 854 solani
977 793 1201 877 conquerendi,

56 898 242 984 corrigendi
274 899 396 963 nullam
429 920 499 963 esse
531 902 728 982 potestatem
760 896 923 981 relictam,
955 898 1009 982 qui
1038 898 1203 964 nulladum

56 1028 141 1070 cura
163 1010 197 1070 et
221 1004 443 1088 meditatione,
466 1005 564 1070 nullis
589 1006 713 1070 artibus
737 1002 948 1088 machinisve,
972 1006 1064 1070 nulla
1088 1006 1202 1071 virium

56 1112 267 1177 contentione
296 1113 444 1197 quamvis
473 1112 630 1177 acerrima
660 1134 715 1178 eas
739 1134 891 1197 superare
915 1111 1123 1177 difficultates
1147 1137 1202 1199 po·

53 1216 231 1302 tuerimus,
258 1240 342 1303 qnae
370 1241 442 1284 curu
471 1223 599 1303 apertas
629 1241 760 1285 caussas
789 1219 913 1284 habent
937 1223 1006 1284 tum
1031 1242 1050 1283 a
1072 1226 1203 1286 nostrae

53 1324 173 1409 culpae
197 1325 369 1391 cuiuslibet
391 1327 617 1393 communione
640 1349 774 1412 prorsus
798 1326 970 1391 seiunctas:
1016 1326 1106 1402 Quae
1129 1350 1202 1393 curn

53 1430 105 1494 ita
135 1431 219 1514 sint,
250 1455 348 1497 unum
379 1438 429 1498 est
457 1455 521 1517 quo
550 1438 583 1497 et
605 1456 662 1499 vos
690 1438 723 1498 et
749 1437 877 1498 nosmet
900 1432 963 1517 ipsi
987 1434 1203 1499 consolemur:

52 1537 143 1622 quod
169 1532 272 1603 leviu's
296 1541 333 1604 fit
356 1540 528 1624 patientia,
553 1540 704 1625 quicquid
728 1540 889 1625 corrigere
912 1543 962 1603 est
985 1539 1087 1605 nefas.
1133 1540 1203 1616 Quo

53 1648 168 1710 antem
202 1668 260 1710 vos
292 1646 414 1710 diutius
446 1647 557 1711 letalis
589 1647 765 1713 necessitas
798 1653 924 1712 morata
957 1650 1019 1729 est,
1052 1668 1090 1712 eo
1119 1669 1203 1713 nunc

54 1752 167 1817 minus
195 1775 304 1817 morae
333 1775 392 1817 nos
421 1753 677 1838 interponemus,
710 1753 766 1818 sed
794 1752 894 1819 indici
917 1753 1021 1820 indice
1044 1754 1203 1837 praelabi·

54 1880 140 1941 mur,
164 1860 221 1943 qui
239 1881 297 1924 nec
317 1881 503 1925 caussarum
523 1861 759 1946 expositionem
779 1861 960 1925 uberiorem
984 1881 1043 1926 nec
1063 1862 1202 1947 aliquem

55 1966 173 2031 florem
198 1966 355 2032 orationis
379 1990 456 2051 prae
480 1990 514 2033 se
537 1968 629 2033 ferat.

190 2323 225 2407 g)
250 2322 303 2387 lm
327 2322 568 2388 Prooemium
592 2325 656 2389 des
680 2324 926 2389 Wintersem.
953 2325 1079 2405 1844s'i)

322 2463 376 2550 (dc
400 2466 525 2531 cant-ico
548 2466 729 2532 Trinummi
753 2464 946 2551 Plautinae).

149 2606 346 2672 Particulam
379 2608 543 2673 vobiscum
573 2610 880 2674 communicavimus
904 2607 1071 2692 amplioris
1095 2607 1204 2691 dispu-

55 2714 205 2796 tationis,
229 2735 326 2798 quam
352 2715 513 2799 integram
533 2737 713 2799 proponere
731 2738 790 2800 per
808 2716 906 2781 aliem
927 2715 1204 2800 opportunitatem

57 2820 277 2886 academicam
306 2820 495 2905 propediem
523 2821 643 2887 licebit
689 2821 785 2887 Nunc
813 2824 900 2888 enim
924 2823 1100 2888 cavendnm
1124 2827 1204 2904 erat,

56 2949 99 2993 ne
124 2927 222 2992 nirnis
248 2949 304 2992 vos
328 2950 528 2992 moraremur
552 2927 593 2992 ad
616 2950 671 2992 eas
695 2934 862 3012 tamquam
886 2930 1066 2995 studiorum
1090 2928 1203 3012 epulas

55 3014 287 3115 festinatbros,
319 3056 399 3117 quas
427 3035 461 3098 in
486 3035 599 3119 quovis
623 3056 740 3120 genere
764 3035 965 3121 largissimas
989 3035 1080 3099 vobis
1104 3057 1203 3119 appo·

54 3141 143 3205 sitas
170 3140 302 3206 videtis:
336 3143 451 3226 quibus
481 3143 528 3206 ita
556 3142 706 3225 utemini,
738 3146 774 3207 ut
803 3147 835 3207 et
862 3142 902 3206 ad
931 3124 992 3206 vos
1017 3142 1203 3226 pulcerrimi

55 3248 185 3313 fructus
208 3249 389 3314 redundent
409 3254 441 3313 et
459 3270 518 3315 nos
538 3249 704 3332 impensae
722 3248 816 3313 vobis
835 3270 953 3333 operae
971 3270 1012 3313 ne
1031 3248 1205 3333 paeniteat.

54 3353 123 3421 Sed
152 3359 262 3419 tamen
289 3356 379 3440 prius
408 3377 504 3440 quam
533 3378 591 3420 vos
620 3355 726 3419 valere
754 3356 898 3438 iubeam,
929 3354 1010 3419 illud
1043 3355 1203 3439 agendum

57 3467 125 3545 est,
156 3463 245 3545 quod
278 3484 349 3526 cnm
383 3463 445 3528 hoc
478 3462 701 3546 prooemiandi
733 3461 841 3527 officio
875 3462 1030 3546 coniungi
1061 3483 1164 3545 nuper
1173 3461 1205 3543 ³)

55 3569 184 3654 placuit
207 3591 272 3635 non
292 3569 445 3633 mediocri
464 3573 501 3632 nt
520 3569 715 3633 arbitramur
735 3573 841 3632 vestro
862 3567 1006 3651 ipsorum
1026 3567 1205 3634 commodo.

58 3675 131 3753 Quo
165 3676 251 3741 enim
285 3676 377 3739 vobis
410 3677 529 3740 certius
566 3676 604 3739 de
642 3693 874 3740 canrnnrnvu
912 3690 1205 3756 acnuanrcoavn,

58 3805 196 3868 quorum
230 3782 405 3867 quotannis
439 3783 528 3847 varia
560 3805 598 3847 ac
631 3783 800 3867 multiplex
834 3783 971 3847 materia
1002 3782 1205 3867 proponitur,

59 3891 187 3956 ratione
216 3893 314 3973 atque
342 3893 458 3953 eventu
487 3893 628 3972 constet,
656 3891 760 3954 visum
785 3894 834 3953 est
857 3889 919 3954 hoc
943 3889 1014 3954 loco
1038 3889 1204 3954 vobiscum

60 3997 308 4078 communicare,
333 4017 415 4079 quae
440 4017 512 4059 cum
537 3995 576 4060 de
599 3996 783 4060 novissimis
803 3995 1066 4061 contentionibus
1086 3993 1204 4058 vestris

60 4103 181 4190 singuli
215 4101 344 4167 ordines
377 4101 563 4167 iudicarunt
594 4107 664 4167 tum
698 4125 755 4168 vos
789 4107 931 4167 tractare
968 4123 1025 4185 per
1062 4098 1203 4184 proximi

59 4210 138 4275 anni
168 4209 311 4293 spatium
341 4209 511 4274 iusserunt.
558 4208 607 4273 Eo
636 4214 745 4273 autem
775 4229 905 4272 munere
928 4207 1009 4271 scire
1033 4228 1090 4269 vos
1114 4205 1204 4269 volu-

60 4354 233 4363 ——.-——-——-
269 4354 272 4359 ·

150 4438 176 4506 *)
197 4439 266 4509 [Das
285 4437 408 4508 geschab
428 4439 519 4490 rueret
540 4441 615 4489 1843.
654 4434 681 4489 C.
701 4434 758 4505 Wd
