2836 5034
386 338 458 385 ovo
484 337 744 384 carantanum
771 338 953 384 susurras.
1175 320 1240 383 553

53 480 163 577 dem·
180 502 248 565 pro
266 479 353 545 virili
375 483 478 565 part-e,
502 480 557 544 sed
582 479 716 545 eandem
741 502 804 545 uon
828 485 1009 545 enarratam
1035 481 1143 564 potitis
1166 479 1240 544 ube

57 586 173 651 riore
192 587 446 653 ratiocinatione
460 609 557 671 quam
574 587 662 650 brevi
682 586 818 651 fontium
840 587 958 651 iudicio
977 587 1023 651 ita
1043 587 1241 670 adnotatam,

63 817 152 853 num
177 799 306 854 rationes
324 798 464 852 vobismet
483 798 549 868 ipsis
567 797 769 852 committimus
787 797 969 867 indagandas.
1005 798 1034 851 ln
1053 816 1109 867 quo
1127 797 1240 866 quidem

66 888 209 960 negotio
235 906 290 944 non
309 889 369 943 sine
387 889 485 957 aliquo
503 905 632 943 successu
652 888 848 955 elaborabitis‚
877 888 900 940 si
919 890 949 942 et
966 887 1088 957 exempli
1107 886 1239 940 memine-

69 978 166 1046 ritis,
197 978 275 1047 quod
297 978 510 1048 interpretanda
528 978 691 1033 Trinummo
715 978 822 1031 duobus
846 980 912 1032 ante
936 976 1016 1031 annis
1035 975 1241 1046 proposuimus,

17 1092 21 1097 ·
73 1072 110 1124 et
130 1085 174 1122 ea
194 1070 349 1137 praecepta
366 1067 403 1120 ad
421 1066 501 1120 illam
520 1063 618 1120 Militis
638 1080 767 1120 scaenam
786 1064 1043 1131 accommodantia,
1066 1063 1166 1133 quibua
1189 1064 1240 1118 cri-

10 1164 30 1183 '·
77 1159 180 1213 ticam
200 1161 292 1211 artem
312 1174 423 1212 omnem
438 1158 467 1209 ct
480 1154 718 1209 hermeneuticam
735 1152 872 1208 contineri
886 1170 936 1223 per
950 1153 1105 1223 proximam
1120 1153 1241 1208 hiemem

78 1247 249 1302 docuimus.
287 1246 345 1301 Nec
370 1248 466 1300 tamen
492 1245 521 1299 id
547 1243 607 1298 fieri
631 1244 690 1297 sinc
709 1243 794 1297 ¹brevi
819 1242 964 1297 notatione
988 1243 1086 1297 critica
1108 1244 1241 1313 potuerit,

82 1353 155 1405 qua,
177 1333 248 1403 quid
266 1351 377 1405 quoque
396 1335 459 1389 loco
478 1332 564 1388 dubio
583 1332 717 1402 seriptum
737 1330 801 1386 libri
820 1336 943 1399 teneant,
962 1348 1031 1400 quos
1046 1331 1167 1386 sinceros
1182 1332 1241 1386 ton·

81 1426 130 1479 tes
163 1423 351 1493 eognovimus
380 1422 574 1478 Plautinamm
601 1423 774 1490 fabularum,
800 1423 942 1477 vobiscum
972 1419 1241 1475 eomruunicarimus.

85 1512 243 1568 Eiusmodi
261 1512 349 1568 libros
369 1530 433 1569 mss.
453 1511 619 1567 meministis
637 1515 694 1565 tres
714 1516 835 1567 exstare:
859 1510 1073 1565 Ambrosianum
1093 1509 1242 1580 palimpse-

85 1608 167 1658 uum
186 1605 245 1670 (a),
274 1605 303 1656 et
328 1601 376 1672 qui
402 1603 544 1657 communi
563 1600 755 1656 Palestinorum
781 1600 825 1654 vel
846 1599 1104 1655 Camerarianorum
1129 1598 1241 1654 nominc

86 1689 383 1761 comprehenduntur,
412 1691 542 1746 Veterem
563 1690 693 1745 Codicum
713 1706 785 1743 ntrnc
806 1690 973 1745 Vaticanum
993 1692 1030 1757 (β)
1050 1689 1242 1743 Decurtatum·

84 1799 144 1851 que
166 1780 437 1850 Heidelbergenscm
457 1784 504 1849 (τ).
542 1780 614 1834 Nam
639 1780 686 1848 qui
706 1782 852 1849 praetcrea
869 1796 924 1833 non
943 1778 1044 1847 exiguo
1064 1794 1179 1833 nrrmcro
1199 1794 1243 1833 co-

83 1871 167 1927 dices
188 1869 317 1924 Plautini
336 1872 448 1923 enatam
465 1868 577 1923 tabulas
597 1870 646 1923 ΧΗ
668 1868 834 1939 posteriores
854 1868 1085 1937 complectentes,
1110 1865 1139 1920 bi
1158 1869 1243 1920 aute

10 1996 27 2005 -
82 1959 208 2015 novicia
237 1958 397 2013 recensione
425 1956 591 2026 prodierunt
617 1974 669 2012 nec
697 1957 785 2011 ullam
813 1956 1011 2011 auctoritatem
1045 1956 1162 2023 babent,
1194 1958 1244 2009 usit

80 2066 209 2121 prorsus
231 2064 295 2101 cum
314 2045 544 2115 Heidelbergensi
564 2046 756 2113 consentiunt,
781 2050 812 2099 nt
830 2045 983 2099 Vaticanus
1002 2043 1050 2098 ille
1069 2044 1105 2098 ab
1125 2043 1243 2099 lordono

64 2136 197 2211 ,Vrsino
224 2136 292 2191 olim
316 2153 460 2207 possessus
483 2152 535 2190 nec
560 2138 653 2190 acuite
679 2135 769 2189 minor
793 2133 1036 2204 Heidelbergensi,
1064 2133 1109 2187 sel
1133 2150 1167 2188 ex
1190 2134 1243 2189 hoc

70 2226 256 2295 ‘descriptus
280 2241 351 2281 saec.
372 2240 414 2279 xv
436 2224 686 2280 Laurentiauorum
710 2242 793 2291 unus,
817 2224 860 2279 vel
886 2242 994 2279 tursum
1018 2240 1053 2277 ex
1072 2223 1125 2277 hoe
1144 2221 1243 2277 duetus

78 2314 276 2373 florentinus
295 2314 424 2384 quidam,
442 2332 526 2384 quem
545 2316 641 2369 nostro
660 2330 723 2368 aere
744 2313 771 2367 in
791 2313 902 2367 Etruria
921 2311 975 2383 ipsi
995 2311 1121 2368 emimus.
1149 2314 1269 2380 Atqucs

55 2432 58 2437 ·
80 2404 161 2463 adeo
187 2422 226 2459 ex
250 2403 349 2458 eodem
372 2405 426 2459 hoc
445 2404 523 2459 toute
542 2404 713 2473 interpolata
730 2402 782 2457 illa
800 2420 883 2471 (quam
903 2402 1023 2457 diximus
1042 2401 1167 2457 recensio
1185 2418 1243 2455 ma·

79 2494 179 2551 uvir.
221 2492 276 2547 Sed
295 2495 390 2549 tamen
409 2498 466 2547 tres
486 2493 550 2547 illos
568 2493 616 2562 qui
636 2494 708 2547 inter
727 2510 821 2547 omnes
841 2492 965 2546 eminent
983 2494 1074 2545 tontes
1092 2492 1173 2561 quasi
1191 2491 1243 2545 dil-

83 2582 173 2639 iundi
196 2582 226 2634 in
246 2585 379 2649 <quattuor
398 2583 473 2637 rivos
492 2583 608 2637 dixeris:
628 2582 852 2652 quandoquidem
874 2583 960 2635 Vetus
976 2579 1068 2633 Codex
1084 2581 1244 2647 Camerarii,

23 2674 26 2681 '
85 2675 159 2743 post
192 2671 400 2736 Camerarium,
428 2674 591 2735 Gruterum,
619 2671 736 2723 Paremu
761 2686 776 2721 a
801 2669 882 2724 nobis
906 2670 1017 2724 demum
1041 2670 1192 2739 diligenter
1216 2673 1245 2724 et

15 2748 23 2761 '¹
84 2760 177 2832 plene
200 2777 343 2826 exeussus,
362 2764 419 2813 tam
440 2759 613 2827 frequentem
632 2759 741 2827 antiqui
760 2760 924 2814 correctoris
944 2777 1056 2813 manum
1075 2776 1174 2829 pressus
1193 2762 1244 2828 est,

39 2852 50 2915 ’,
87 2854 125 2905 ut
144 2866 201 2920 pro
220 2849 328 2903 dtrobas
347 2848 426 2902 libris
446 2850 505 2903 iure
524 2854 691 2902 numeretur.
722 2848 783 2903 Non
803 2849 878 2903 cadit
897 2851 949 2904 hoc
968 2849 996 2902 iu
1012 2867 1107 2903 omncs
1121 2850 1243 2904 fabulas:

90 2938 146 2992 aed
166 2942 278 3007 practer
298 2939 368 2993 alias
387 2938 522 3007 quasdam
541 2938 616 2991 cadit
635 2937 662 2991 in
682 2937 809 2992 Militem.
849 2938 941 2991 Facile
961 2946 1055 2991 atrtcrn
1074 2939 1147 2993 ratio
1167 2940 1243 2994 bina·

93 3044 161 3081 rum
181 3044 315 3081 mansium
339 3027 450 3081 illarum
471 3043 541 3095 cquae
561 3028 706 3095 <piratisque
727 3028 764 3081 sit
783 3028 954 3097 perspicitur.
994 3028 1083 3097 Saepe
1103 3028 1245 3097 antiquior

98 3131 199 3169 manus
218 3116 339 3184 vestigia
358 3116 415 3169 seri
434 3116 562 3184 quamvis
581 3116 676 3169 tenuia
690 3115 733 3169 vel
755 3117 902 3170 obscurata
923 3117 1053 3183 servierit,
1072 3135 1190 3186 quorum
1209 3137 1244 3172 ne

10 3204 28 3285 ξ
102 3205 200 3258 umbra
225 3205 337 3274 quidem
365 3208 492 3274 sapuerent
517 3206 546 3259 in
569 3206 659 3259 altero
680 3205 821 3260 Palatino:
855 3222 938 3274 saepe
962 3207 1014 3259 troc
1034 3214 1076 3260 est
1096 3207 1245 3262 nrarrilesto

10 3288 33 3367 {a
109 3290 287 3361 depravatior.
326 3294 478 3361 Vtriusque
501 3294 611 3362 generis
634 3295 786 3363 scripturas
809 3294 928 3348 acetruda
953 3313 1051 3349 ritanus
1071 3296 1190 3349 mutavit
1208 3297 1244 3349 ad

10 3368 57 3431 'Ea
114 3379 178 3437 atius
199 3383 301 3437 codicis
324 3383 497 3452 exemplum,
521 3383 569 3450 qui
593 3383 752 3437 simillimus
776 3384 830 3437 fuit
848 3384 1092 3453 Heidelbergcusis
1112 3384 1185 3438 libri.
1223 3386 1244 3438 l}

41 3482 48 3487 ·
123 3482 167 3533 quo
181 3475 300 3540 apparet,
319 3472 449 3540 quotiens
464 3490 527 3526 vere
547 3476 681 3539 correcta,
700 3473 802 3527 totiens
822 3473 879 3526 tere
899 3473 989 3542 magis
1008 3474 1094 3527 etiam
1114 3480 1246 3543 corrupta

126 3550 201 3611 fluet
218 3560 301 3614 rerba
320 3578 403 3614 manu
424 3559 473 3613 illa
488 3560 676 3615 emendatricc
691 3578 760 3615 csse.
789 3561 875 3617 Simul
894 3560 1058 3629 intellegitis
1074 3581 1122 3616 cur
1136 3582 1245 3619 strnuuo

63 3664 70 3671 ·
130 3658 198 3711 opere
212 3648 237 3700 id
256 3649 456 3716 studuerimus,
480 3651 512 3702 ut
530 3667 610 3704 crasa
628 3650 671 3702 ccl
692 3651 786 3719 aliquo
806 3651 888 3705 modo
908 3651 1002 3705 fucata
1021 3652 1128 3722 primae
1147 3670 1246 3707 marum

25 3736 35 3747 '
130 3733 226 3803 wilgis
245 3754 415 3792 erueremus:
445 3739 519 3806 quod
545 3738 719 3808 paucissimis
743 3742 852 3793 tautum
875 3741 903 3793 in
928 3740 996 3794 loeis
1017 3758 1128 3809 prorsus
1149 3742 1245 3812 despe-

10 3818 32 3843 '‘
73 3866 79 3903 .·
132 3820 225 3879 laudum
241 3827 299 3881 fuit
336 3826 443 3893 Quodsi
466 3827 495 3881 in
519 3829 572 3881 hoe
596 3846 696 3897 genere
720 3847 791 3896 quac
811 3829 867 3893 legi
886 3830 963 3884 nullo
983 3832 1066 3886 1111)th
1087 3835 1245 3900 potueruut,

135 3910 220 3968 pandis
236 3917 322 3972 notari
341 3934 405 3971 raro
425 3918 585 3986 oportebat:
606 3917 694 3972 multo
713 3922 807 3972 tamen
826 3918 976 3985 difficilius,
996 3919 1088 3986 quid
1081 3939 1110 3973 ιιι
1129 3921 1244 3975 tlrubro-

136 4006 195 4048 ΜΟ
215 4005 340 4076 scriptum
366 4009 417 4060 aut
442 4023 497 4060 non
521 4006 653 4074 scriptam
681 4008 721 4060 vel
748 4011 821 4061 essct
844 4007 886 4060 acl
912 4024 971 4061 csse
997 4008 1104 4062 videret
1085 4013 1149 4073 t,ur
1178 4009 1246 4061 satis

66 4075 261 4147 amatam
281 4113 353 4149 nunc
377 4094 466 4150 licuit
511 4095 582 4149 Nam
606 4113 667 4148 sum
693 4096 849 4150 liltemrurn
873 4097 1037 4164 fragmentis
1065 4101 1093 4151 et
1120 4098 1245 4167 apicibus

139 4159 251 4234 tuitsndi.
275 4184 351 4239 baud
379 4202 462 4253 parca
490 4201 591 4253 operae
620 4189 728 4245 ‹¹¹,sssnt
757 4185 893 4240 eiusmodi
922 4187 1030 4240 litteras
1060 4205 1171 4255 prorsus
1200 4186 1244 4239 lue

14 4268 24 4294 ²
68 4264 77 4299 ²
138 4251 241 4320 mitra
260 4288 408 4342 earumque
434 4273 526 4341 spatis
545 4276 653 4327 tantum
673 4292 818 4328 rruruerare
839 4276 927 4329 coacti
948 4276 1058 4328 luinurs.
1099 4274 1247 4329 Praeterea

14 4306 79 4407 i
136 4346 176 4390 ¹¹⁰³
199 4354 239 4407 etl
260 4359 370 4415 silentio
398 4361 691 4430 praetermittendum,
720 4362 828 4428 aliquot
854 4364 1011 4431 praeclaras
1037 4364 1246 4418 ememlationes

137 4416 260 4500 G⁰d⁰frttli
274 4449 423 4505 Hermanui
442 4450 640 4507 benevolentia
657 4451 737 4506 uobis
757 4452 949 4521 stqqrcditatas
969 4470 1035 4507 essu
1061 4456 1149 4518 Quem
1169 4454 1192 4507 si
1211 4454 1245 4507 de
