2886 5032
498 335 762 384 auaunsnrums
786 331 994 382 curvamen.
1058 349 1061 353 ·
1253 314 1320 378 477

150 504 199 559 σγ
226 481 307 547 Mil
331 481 374 566 Π,
396 481 427 566 2,
448 482 493 545 95
516 480 659 567 (quando
683 501 801 564 anceps
824 484 875 544 est
897 477 1012 542 Bacch.
1037 477 1079 541 58
1104 474 1203 560 [89]):

258 622 352 700 Quid
375 622 525 709 agimus?
548 624 691 688 facilest:
715 626 877 687 trecentae
886 668 1225 685 ......

147 762 1050 846 a1mmmmmmcmamnam:

258 890 376 992 Atque
400 930 474 972 eum
498 912 613 991 agruim
637 905 762 971 dederis
786 928 845 971 nec
869 907 1042 990 quicquam
1066 905 1117 967 hic
1153 955 1159 967 .
1220 953 1226 967 .

253 1013 370 1077 Multa
393 1014 491 1078 simul
515 1015 659 1099 regitis:
682 1014 789 1078 nescio
814 1012 889 1097 quid
953 1063 960 1077 .
1020 1062 1026 1075 .
1220 1061 1227 1073 .
1288 1018 1289 1022 ’

254 1120 359 1196 Quen
384 1117 449 1207 (in)
473 1125 571 1186 manu
595 1121 706 1185 teneas
731 1124 828 1203 atque
851 1119 953 1183 oculis
1020 1169 1027 1180 .
1087 1169 1093 1181 .
1153 1169 1159 1180 .
1220 1166 1226 1179 .

252 1224 380 1311 Neque
403 1225 467 1291 fuit
488 1248 582 1309 neque
604 1229 664 1291 erc‘t
685 1248 789 1310 neque
812 1247 882 1290 esse
906 1246 1098 1309 quemquam
1152 1276 1158 1287 .
1219 1275 1225 1287 .

258 1332 304 1397 Si
327 1333 392 1398 hcc
415 1335 524 1418 palam
546 1333 654 1399 fuerit.
691 1333 767 1418 quid
791 1335 882 1416 peius
955 1381 1227 1395 .....

137 1498 314 1564 quorum
339 1497 491 1541 versuum
514 1477 619 1562 primo
643 1477 671 1540 si
694 1498 760 1541 non
783 1475 966 1539 necessario
986 1474 1159 1557 requiritur
1178 1474 1325 1555 mutatio,
1378 1479 1381 1483 ’

134 1594 278 1650 tamen
315 1583 474 1666 quoniam
505 1583 607 1649 multo
637 1583 745 1647 minus
775 1583 900 1668 gratiae
930 1580 1050 1645 hahere
1073 1623 1085 1629 --
1102 1604 1121 1628 υ
1137 1576 1141 1647 Ι
1156 1597 1204 1629 w
1228 1602 1324 1664 quam

139 1732 181 1787 2¹
204 1717 228 1742 υ
241 1710 262 1740 -‘
291 1690 347 1753 vel
365 1713 385 1739 υ
398 1713 417 1739 υ
432 1688 437 1760 Ι
453 1714 471 1739 υ
484 1707 501 1739 Δ
520 1690 685 1771 sentimus,
708 1693 815 1753 certae
834 1688 1015 1774 elegantiae
1033 1686 1127 1752 laude
1146 1686 1326 1770 praestabit

134 1804 269 1881 Atque
306 1817 379 1860 eum
405 1797 474 1861 crim
501 1818 612 1880 aprum
639 1795 811 1877 deiterffl:
845 1796 985 1860 secundo
1014 1799 1122 1859 autem
1152 1795 1323 1878 insequens
1339 1817 1440 1858 ccxcv

133 1900 267 1971 nescio
304 1901 470 1985 spondeus
499 1903 579 1967 adeo
603 1906 702 1987 auget
724 1902 871 1985 profecto
895 1907 1084 1966 accentuum
1108 1901 1325 1999 insolentiam,

134 2023 178 2077 ut
225 2011 293 2074 vix
332 2008 615 2093 reprehendendus
648 2010 691 2072 sit
722 2009 775 2092 qui
809 2031 879 2072 eam
916 2008 1032 2072 saltem
1064 2009 1203 2074 iambica
1234 2030 1325 2090 ropac

133 2122 273 2186 forma
315 2116 352 2179 in
384 2116 609 2199 anapaesticae
640 2117 757 2198 rogitus
787 2116 893 2179 locum
928 2115 1106 2180 substituta
1138 2116 1249 2199 aliqua
1285 2138 1322 2178 ex

137 2230 256 2313 parte
288 2221 397 2286 lenire
421 2221 570 2286 instituat
595 2222 654 2302 [sic
677 2218 802 2302 'hinet
849 2300 853 2309 ⁴

142 2333 212 2408 Βγ
242 2328 349 2393 Trin.
376 2327 455 2391 720:

123 2474 125 2479 ’
254 2471 457 2535 Fulmentris
479 2471 606 2535 iuberim
630 2473 783 2557 suppingi
821 2523 1228 2536 .......

158 2638 265 2701 quem
296 2613 329 2675 si
354 2612 394 2676 ad
419 2613 573 2677 maiorem
597 2613 722 2678 scilieet
745 2615 926 2698 elegantiae
945 2616 1084 2698 speciem
1104 2616 1210 2679 noluit
1228 2619 1325 2698 poeta

164 2725 211 2786 sic
235 2739 411 2800 revocare,
433 2719 616 2785 Fulmenccis
633 2722 779 2802 cappanpi
796 2720 925 2799 irMm,
950 2721 1053 2785 minus
1073 2721 1171 2785 etiam
1192 2743 1324 2786 caussae

168 2836 221 2892 est
247 2848 313 2892 eur
338 2825 373 2889 in
396 2847 425 2888 v.
448 2825 512 2888 905
535 2826 740 2896 haereamus:

262 2963 434 3033 N6uist1‘n’
459 2966 645 3033 hominem?
681 2970 829 3036 Ridicule
890 3022 1229 3035 ......

168 3115 213 3191 br
240 3111 366 3176 Bacch.
390 3111 433 3174 60
457 3112 540 3190 [91]:

267 3253 392 3316 Sumne
416 3254 524 3316 autem
548 3251 646 3317 nihili
667 3255 722 3337 qui
745 3277 901 3339 nequeam
956 3308 1229 3320 .....

123 3392 1062 3487 mmmmmmwmmmwa

123 3504 128 3549 l
270 3519 379 3618 litque
402 3534 501 3598 etiaim
527 3533 712 3621 Philippum
737 3545 941 3604 numeratum
956 3594 1228 3606 .....

270 3644 335 3708 Prc
359 3641 452 3728 galeri
475 3644 659 3729 scaphium,
682 3668 740 3729 pro
764 3646 885 3731 insigni
956 3701 1228 3712 .....

270 3749 367 3814 Clare
387 3748 488 3814 oculis
508 3751 612 3833 uidet,
631 3776 701 3816 sum
720 3755 834 3836 pernix
855 3754 1012 3838 minima,
1031 3754 1165 3838 pedihus
1182 3756 1325 3821 rnrihilis:

166 3898 219 3962 sic
247 3893 340 3958 enim
364 3915 401 3955 ex
425 3892 624 3975 optimorum
649 3896 795 3979 vestigiis
819 3897 975 3960 libroruin
999 3897 1212 3962 scribendum.
1242 3897 1325 3963 Nam

164 4005 204 4069 in
236 3999 442 4065 tralaticium
471 4001 643 4065 verborum
668 4002 815 4065 ordinem
839 4004 932 4067 Chiae
960 4005 1054 4068 melis
1082 4006 1184 4083 natac,
1211 4009 1326 4088 pera-ia

162 4131 245 4176 susan
274 4107 360 4171 idem
384 4106 471 4172 cadit
499 4106 644 4192 profecto
673 4109 759 4191 quod
786 4109 821 4172 in
842 4109 950 4173 Multa
972 4112 1066 4175 sinerii
1089 4113 1205 4193 cupitus
1227 4106 1326 4176 neseio

269 4284 297 4351 ³)
318 4282 391 4353 [Hoc
414 4283 448 4338 de
466 4282 589 4336 numeris
612 4282 693 4336 huius
712 4300 808 4337 versus
827 4283 960 4337 iudicium
981 4287 1080 4352 postea
1098 4284 1152 4354 ipsi
1172 4287 1326 4341 Ritschelio

162 4372 307 4432 severius
326 4371 417 4425 visum
435 4375 490 4438 est3
520 4377 642 4426 ceterum
663 4390 719 4425 euru
740 4372 846 4425 delevit
865 4371 892 4425 in
912 4372 955 4424 ed.
976 4372 1023 4425 alt.
1045 4392 1107 4426 cum
1128 4374 1266 4441 BentIeio,
1295 4381 1327 4429 ut

163 4486 192 4519 v.
216 4466 288 4517 682.
309 4464 361 4513 695
381 4461 409 4512 et
429 4458 546 4514 iortame
566 4461 638 4530 687]
