2836 5034
134 308 200 374 382
418 320 681 371 naonncouans
705 319 753 368 nn
777 316 992 367 maroniano

134 463 344 550 necessitas):
382 485 454 529 eam
483 465 544 531 etsi
571 464 655 530 nihil
684 463 830 549 profecto
857 459 1014 547 impediat
1040 456 1223 544 quominusin

135 572 321 639 octonarios
344 571 528 637 Trinummi
551 571 617 637 236
642 570 696 652 [cf.
719 574 828 637 annot.
851 568 887 635 in
908 567 958 635 ed.
982 566 1051 648 alt]
1072 568 1104 631 et
1120 562 1225 649 Hecyrae

134 677 175 763 V,
197 679 232 764 4,
256 680 298 745 27
324 677 622 744 accommodemus:

225 804 379 887 Omnium
398 821 539 906 primum
558 820 679 886 amdris
698 819 788 904 artis,
812 816 1082 904 quemadmodum
1097 813 1231 900 expellunt

989 923 1131 1007 eloquar:

225 1034 345 1101 Omnia
372 1038 484 1101 dmnes
512 1035 569 1101 ubi
596 1031 783 1100 resciscunt.
827 1032 882 1097 hic
910 1052 992 1117 quos
1007 1029 1125 1203 c{derat
1146 1048 1193 1114 par
1208 1048 1236 1091 re

989 1160 1006 1204 s
1039 1157 1137 1203 scere:

136 1288 245 1350 tamen
270 1284 427 1370 legitimis
451 1285 645 1369 septenariis
667 1282 848 1349 'lhinummi
872 1281 952 1366 933,
974 1278 1079 1347 Stichi
1099 1275 1154 1363 IV,
1174 1279 1200 1359 1,
1215 1276 1241 1341 ll

137 1396 170 1454 et
192 1389 396 1456 Cistellariae
418 1389 460 1476 ΙΙ,
486 1393 514 1474 1,
537 1391 596 1456 5οε

226 1515 378 1599 Omnium
402 1532 544 1618 primum
569 1534 602 1598 in
620 1531 761 1599 Pontum
784 1529 911 1597 aduecti
930 1528 971 1595 ad
984 1509 1143 1595 Arabiam
1157 1523 1247 1590 cml·

991 1657 1117 1705 sumus:

227 1730 378 1813 Omnium
402 1770 454 1812 me
477 1748 595 1813 exilem
617 1748 714 1835 itque
736 1747 867 1812 inanem
890 1743 969 1812 iecit
993 1741 1228 1831 aegritudinum:

226 1837 272 1918 lit
294 1854 423 1939 quidem
446 1854 555 1920 hercle
578 1851 643 1920 nisi
665 1855 785 1940 pedatu
808 1852 908 1919 tertio
931 1850 1038 1919 omnis
1062 1845 1210 1916 afflixere:

6 2015 126 2057 cxxxrv
140 2016 207 2061 non
234 1996 346 2062 licebit
372 1998 439 2063 ullo
468 1997 564 2064 modo
593 1998 749 2082 tribuere,
780 1996 844 2063 nisi
868 1995 999 2081 quidem
1022 2013 1124 2059 unam
1144 1988 1253 2057 55511

136 2101 276 2166 formam
299 2107 468 2188 exceptam
486 2125 557 2170 esse
575 2125 614 2168 ex
633 2103 782 2170 affinium
800 2102 956 2169 societate
974 2102 1107 2187 praeter
1123 2095 1254 2162 rationu

138 2207 349 2274 contenderis.
394 2208 483 2295 Ergo
507 2232 566 2294 pro
591 2213 769 2297 anapaesto
791 2209 932 2274 55551555
953 2207 989 2271 in
1011 2205 1190 2291 posteriore
1240 2196 1257 2285 ’ζ

136 2317 263 2381 nummi
287 2314 454 2400 Stichique
478 2339 573 2382 versu
596 2317 793 2401 necessario,
816 2316 852 2380 in
875 2313 983 2399 priore
1007 2310 1189 2378 Trinummi

137 2424 292 2489 habiliter
314 2423 512 2489 habendum:
535 2446 595 2508 pro
618 2424 806 2510 pyrrhichio
829 2424 931 2490 oannis
947 2421 982 2487 in
1002 2417 1199 2487 Cistellaria:

138 2529 302 2595 tribracho
326 2530 432 2593 omnio
455 2529 490 2592 in
512 2528 653 2616 Hecyra,
685 2530 776 2595 nulla
799 2533 908 2594 autem
929 2527 1125 2593 necessitate
1148 2526 1182 2590 in

137 2651 193 2736 lv,
216 2655 246 2735 4,
269 2654 312 2717 55
337 2628 451 2717 arna
474 2675 525 2737 eqo
548 2656 640 2720 555
660 2654 754 2736 foere
770 2655 887 2736 passa,
911 2655 944 2717 55
966 2651 1057 2716 ran.
1081 2651 1148 2718 655
1172 2623 1258 2714 dece

137 2781 189 2842 ayo
211 2762 303 2825 151555
325 2762 414 2841 quad.
430 2766 464 2825 tu
485 2763 577 2844 droti,
610 2762 665 2827 ubi
687 2762 773 2826 nihil
797 2760 871 2826 vitii
894 2758 1046 2843 dactylus
1068 2757 1178 2823 habet

139 2867 262 2931 alienus
286 2867 327 2931 ah
346 2866 397 2931 his
413 2868 663 2951 Amphitruonis
676 2868 716 2952 V,
730 2869 820 2952 1,39‚
843 2867 966 2933 omisso
986 2866 1043 2931 titi
1061 2858 1261 2948 corrigendus

205 2992 356 3074 Omnium
381 3010 521 3093 primum
544 2992 725 3077 lllcumena
749 3012 896 3097 geminos
920 2984 1049 3095 pepth
1071 3005 1175 3072 filios.

229 3150 274 3214 Vt
304 3152 404 3236 igitur
435 3154 547 3237 paucis
578 3154 831 3238 complectamur
862 3174 943 3237 quae
975 3150 1128 3217 rimando
1159 3140 1260 3231 singul·

140 3256 235 3319 nobis
250 3258 395 3322 videmur
414 3260 570 3324 effecisse:
595 3260 745 3346 neglecta
764 3259 798 3324 in
821 3258 928 3323 media
945 3279 1025 3323 voce
1044 3258 1095 3323 vis
1115 3246 1259 3342 positioni·

140 3365 173 3424 et
199 3384 405 3444 paucorum
434 3367 711 3432 vocabulorum
739 3364 1031 3449 bisyllaborum
1060 3365 1159 3430 certis
1182 3374 1259 3425 eren·

141 3467 203 3548 plis
233 3471 433 3555 continetur,
467 3476 499 3536 et
528 3472 659 3537 illorum
690 3472 737 3536 ita
768 3475 1035 3556 comparatorum
1065 3474 1104 3535 ut
1133 3490 1189 3535 nec
1213 3468 1256 3528 lm

141 3593 294 3657 umquam
324 3578 590 3662 corripiantur
617 3579 671 3644 sed
695 3584 845 3643 tantum
869 3579 984 3644 binae
1008 3575 1254 3645 consonantes

142 3682 175 3741 et
202 3679 336 3745 harum
365 3684 504 3768 altera,
537 3688 565 3750 si
593 3709 613 3750 a
640 3691 668 3750 st
691 3689 723 3750 et
747 3686 923 3770 geminatis
947 3684 1153 3767 discesseris,
1182 3670 1254 3744 sold

141 3781 290 3866 liquida
313 3809 392 3873 esse,
411 3796 447 3855 ut
466 3792 501 3855 in
519 3794 591 3857 inde
608 3794 688 3857 unde
705 3793 792 3858 intres
808 3794 891 3856 inter
907 3792 1035 3856 interim
1052 3810 1161 3874 ampo
1177 3779 1252 3853 W

143 3886 204 3951 Sed
232 3889 283 3954 his
311 3914 388 3957 cave
411 3917 451 3958 ne
475 3897 601 3962 defendi
624 3899 706 3963 talia
728 3901 823 3982 putes
847 3897 959 3983 qualia
982 3897 1176 3983 legebantur
1194 3887 1253 3956 Tria

142 3994 193 4057 27.
217 3996 289 4061 386.
316 3999 378 4063 724
401 4006 439 4065 ni
459 4024 506 4069 mc
528 4006 562 4070 id
582 4008 706 4083 1551151,
731 4005 1048 4087 151155ὄ55ῐ1155,551
1069 4024 1136 4070 mco
1157 4020 1202 4066 ero
1219 3990 1252 4058 dl

19 4111 126 4155 οων
140 4100 250 4166 uorsus
271 4103 439 4193 scireest),
462 4111 512 4174 vel
537 4112 615 4176 alibi
638 4114 782 4192 ireccdcre,
804 4133 865 4196 pro
890 4133 955 4196 quo
979 4110 1055 4196 plus
1079 4108 1175 4176 semel
1196 4096 1253 4170 enh

231 4333 256 4396 *1
277 4331 348 4383 Nam
367 4333 420 4386 nisi
439 4336 604 4406 corripuisse
623 4334 760 4394 cirluorsue
779 4339 886 4409 credas,
905 4338 954 4408 qui
973 4338 1002 4394 in
1017 4340 1073 4394 hac
1087 4328 1258 4409 acquieverunt

142 4417 292 4486 scriptura,
320 4437 405 4487 quam
433 4425 545 4478 tandem
573 4426 725 4481 scandendi
751 4427 892 4483 rationem
919 4428 1038 4485 inierint
1061 4427 1148 4498 plane
1169 4420 1259 4480 ”wlff
1282 4430 1284 4447 '
