2836 5034
148 305 214 367 504
436 314 699 362 unonnuounun
723 314 770 360 nn
794 312 1007 362 nsrrorunvs

149 463 296 547 linguam
327 459 495 524 transierit
523 458 630 522 conta
659 456 918 540 pronuntiatum.
967 456 1037 522 Nec
1066 479 1172 523 caussa
1193 480 1248 525 nunc

147 569 231 634 latet
254 589 311 632 our
334 588 400 631 nou
423 564 693 650 probabilitatem
714 567 851 647 tantum,
875 563 931 627 sed
954 565 1174 630 necessitatem
1192 587 1249 629 mum

150 675 237 740 vocis
271 672 447 758 symesin,
484 694 582 756 quam
615 671 681 736 iam
712 694 743 755 p.
776 689 858 736 cmv
892 672 988 754 [399]
1021 672 1252 754 commendabam,

150 807 179 847 r.
206 782 290 846 1133
314 779 448 845 habeat:
1088 785 1094 796 ’

239 924 324 989 Eum
349 945 493 987 sororem
513 921 720 1006 despondisse
740 944 832 986 suem
851 920 886 987 iu
904 926 975 987 tam
993 923 1113 988 fortem
1132 924 1255 988 feuilian

151 1067 287 1133 Prorsus
319 1070 427 1131 autem
459 1065 656 1149 singularem
688 1064 885 1150 auribusque
915 1065 1050 1131 minime
1080 1066 1257 1131 blandientem

151 1175 317 1257 dactylum
328 1172 360 1258 *)
389 1172 515 1256 integro
543 1170 704 1255 dactylico
734 1170 891 1235 vocabulo
919 1173 1183 1256 comprehensum
1203 1170 1259 1257 quod

148 1306 180 1346 tr.
205 1280 269 1346 289
294 1279 425 1344 admisi:

242 1423 313 1499 Quo
336 1445 452 1488 manus
476 1419 677 1506 apstineant:
700 1426 797 1488 cetero
819 1424 899 1506 repe
917 1422 1010 1487 trahe
1029 1426 1105 1488 tene
1125 1423 1198 1509 frige
1212 1424 1267 1488 iate

153 1567 185 1630 id
210 1565 358 1630 consulto
381 1564 443 1629 feci
468 1564 560 1629 utin
583 1564 725 1629 cantico:
749 1586 825 1628 narn
849 1564 957 1649 quiin
977 1565 1115 1630 canticis
1135 1588 1206 1631 cum
1222 1565 1272 1631 eliis

153 1673 299 1738 versibus
328 1675 398 1736 tum
426 1671 601 1736 trochaicis
631 1671 809 1736 octonariis
837 1671 1013 1755 septenarii
1041 1670 1275 1755 miscentur,bi

154 1802 265 1845 eorum
295 1779 554 1864 septenariorum
583 1778 700 1863 quibus
728 1764 873 1862 integrae
902 1800 1039 1843 scaenae
1068 1781 1279 1845 continuantu

154 1888 358 1953 severitatem
382 1886 494 1950 multis
518 1886 552 1949 in
576 1885 672 1949 rebus
697 1888 896 1949 aversentur.
941 1882 1012 1950 Nec
1033 1884 1185 1970 profecto
1208 1887 1282 1950 vela

154 2017 288 2060 caesura
320 1993 506 2059 concinnior
537 1993 587 2057 rel
619 2016 638 2057 a
668 1992 825 2057 librorum
857 1992 919 2057 fide
946 1992 1048 2057 tutior
1078 1992 1161 2058 haec
1193 2016 1285 2059 versui

154 2102 277 2186 species
301 2105 364 2164 est:

243 2242 312 2318 Quo
336 2266 451 2307 manus
476 2241 678 2326 apstineent:
703 2244 809 2308 ceteri
827 2263 913 2327 rape,
937 2243 1037 2325 tribe,
1062 2242 1143 2329 fuge
1169 2249 1204 2310 et
1224 2246 1254 2310 la

154 2411 213 2452 nec
241 2387 328 2451 enim
347 2385 402 2450 'rel
430 2390 506 2469 post
529 2388 676 2468 quartem
701 2385 751 2448 vel
776 2390 851 2470 post
874 2386 1021 2470 quintam
1047 2387 1150 2451 arsirn
1177 2389 1213 2451 tit

155 2517 238 2576 sure,
262 2498 295 2556 et
318 2492 460 2556 insolens
485 2495 535 2554 est
558 2491 734 2574 dactylicae
754 2492 841 2557 vocis
866 2494 1062 2577 orytonesis,
1087 2499 1122 2556 et
1148 2518 1168 2558 a
1192 2494 1260 2560 codi

155 2601 215 2664 bus
238 2605 266 2662 et
288 2600 389 2663 abest.
437 2598 551 2682 Itaque
581 2621 653 2662 cum
682 2600 813 2683 produci
843 2622 937 2684 posse
963 2602 1035 2682 supe
1059 2623 1126 2664 non
1154 2604 1199 2666 sit
1223 2600 1292 2666 maie

156 2708 293 2771 credulis
317 2703 586 2789 credendum**),
616 2704 711 2768 simul
737 2709 846 2769 autem
870 2707 943 2790 plus
967 2707 1095 2791 gratiae
1122 2709 1241 2775 ἀευνδέ

156 2814 296 2897 copulati
326 2811 511 2894 imperativi
539 2810 695 2893 habeant,
728 2834 825 2875 unam
850 2813 1050 2877 consimilem
1075 2817 1230 2881 voculam
1252 2839 1300 2907 erq

155 2921 271 2984 cidisse
300 2919 421 2983 conieci
452 2918 493 2981 ab
517 2918 618 3000 ipsius
643 2918 790 3000 exemplo
815 2917 922 2982 Plauti
945 2921 1113 3002 profectus
1140 2922 1253 2987 Pseud.
1272 2919 1300 3035 lq

155 3029 185 3108 2,
209 3029 228 3087 o
244 3050 307 3110 sq:

245 3151 306 3225 Qui
330 3150 411 3214 hae'c
431 3149 552 3213 habent
572 3151 721 3232 consilia,
746 3151 801 3214 ubi
821 3151 896 3214 data
917 3153 1090 3215 occasiost:
1117 3176 1202 3237 rape,
1220 3156 1284 3236 cdix

1009 3263 1107 3336 terre,

368 3364 537 3445 Hcirpupu,
560 3364 636 3442 bibe,
659 3367 702 3446 e's,
723 3366 804 3447 supe.

14 3530 138 3569 conxnx
155 3506 250 3570 Vnde
270 3507 329 3569 etsi
351 3506 496 3588 poteram
517 3507 616 3569 etiam
636 3508 714 3587 clcpe
731 3507 765 3570 in
780 3506 960 3571 Trinummi
980 3531 1113 3573 versum
1134 3512 1282 3574 asciscere·

155 3613 227 3692 rupo
250 3614 328 3694 clepo
351 3613 437 3676 trudo
458 3613 530 3695 stipe
553 3614 626 3690 late,
667 3617 774 3677 tamen
807 3614 887 3677 illud
920 3635 977 3677 cur
1009 3616 1274 3698 praetulerim

154 3720 315 3783 neminem
340 3719 451 3803 fugere
476 3720 624 3783 arbitror.

261 3899 286 3960 *)
307 3894 464 3963 l‘b‘ortasse
483 3895 570 3962 (utin
585 3894 704 3964 cantico)
724 3894 892 3965 bisyllebum
912 3912 972 3950 esee
991 3903 1080 3951 cetero
1100 3903 1187 3969 poeta
1204 3896 1276 3961 solui,

154 3984 185 4034 ut
212 3983 311 4035 ultrum
341 3983 523 4050 aliquotiens,
552 3982 586 4036 de
616 4000 670 4051 quo
698 3984 756 4037 dixi
784 3985 884 4053 Opusc.
909 3984 977 4053 phil.
998 3984 1024 4039 ll
1048 4004 1076 4055 p.
1098 3995 1161 4044 458.
1181 3984 1276 4056 513qu

154 4069 249 4125 Trin.⁹.
289 4072 417 4125 Ceterum
438 4072 472 4124 cf.
493 4070 627 4125 Fleckeis.
649 4089 710 4124 ann.
730 4073 798 4140 phil.
820 4073 918 4126 XCVII
938 4077 1030 4143 (1867)
1050 4093 1077 4144 p.
1095 4080 1170 4149 δὴ]

243 4160 284 4227 ”t
305 4161 376 4230 [‘De
400 4159 523 4213 iambica
545 4177 676 4213 mensura
698 4162 763 4229 (repe
787 4162 862 4216 vocis
886 4179 937 4216 nec
957 4162 1070 4231 Crainio
1098 4184 1150 4219 nec
1171 4169 1284 4224 Corsseno

154 4251 188 4303 do
209 4248 401 4303 enuntiatione
420 4267 443 4305 e.
464 4268 489 4316 q.
509 4268 530 4303 s.
551 4249 561 4300 l
581 4268 607 4317 p.
628 4257 679 4303 339
708 4266 758 4303 nec
779 4250 920 4319 Wagnero
939 4251 1009 4305 Mus.
1031 4253 1085 4307 Rh.
1108 4256 1187 4311 xxii
1207 4277 1232 4327 p.
1251 4262 1286 4310 ra

154 4338 342 4393 credendum’
365 4338 465 4407 'l'rin.²]

224 4426 281 4495 m)
301 4428 343 4496 [ln
368 4426 410 4478 od.
430 4424 479 4478 alt.
504 4443 560 4479 non
584 4426 675 4480 tenuit
695 4427 863 4482 ltitschelius
883 4433 942 4482 tene
960 4428 1016 4482 boc
1035 4430 1103 4488 loco
1124 4437 1292 4507 propositum,
