2836 5034
442 348 674 397 nsmmrscnn
699 347 825 395 nnnnn.
1137 329 1202 392 643

138 540 147 573 ,
177 511 351 574 quamnam
380 512 490 560 veram
519 492 743 556 existimemus
772 493 805 554 et
828 492 992 552 aeternam
1016 487 1203 571 utilitatem,

134 596 208 661 ‚iore
237 598 384 663 oratione
412 599 636 682 exponendum
666 602 759 683 putet
786 601 819 661 et
848 595 1092 680 disceptandum
1120 599 1202 660 tam·

134 725 157 766 n
185 704 384 788 dubitatum,
416 706 501 789 quod
534 728 604 771 esse
634 706 816 772 confessum
844 709 877 769 et
905 703 1110 786 exploratum
1138 724 1202 768 uno

140 810 163 873 ii
186 832 312 895 omnes,
340 813 456 897 quibus
480 813 559 877 haec
583 814 779 896 scribuntur,
802 810 1000 876 clamitaturi
1023 809 1097 875 sint.
1143 809 1203 874 Eo·

156 924 274 1004 autem,
296 942 369 985 cum
394 943 453 984 sua
475 942 591 985 caussa
613 921 774 1003 colendas,
797 916 1034 1004 propagandas,
1057 938 1203 982 exercen-

144 1025 269 1090 litteras
293 1027 434 1090 breviter
460 1027 636 1091 dixerimus
665 1029 699 1091 et
721 1026 937 1111 populariter,
969 1024 1204 1107 veltantisper

134 1132 209 1196 itare
242 1133 343 1217 ausit,
377 1134 453 1218 quin
487 1133 582 1198 huius
615 1135 717 1218 ipsius
750 1133 1003 1199 existimationis
1036 1132 1203 1217 persuasio

134 1240 270 1318 ‚nanimo
286 1241 497 1305 Altensteinii
521 1242 644 1326 pectori
662 1245 701 1305 'et
724 1245 891 1326 tamquam
910 1241 1033 1306 intimis
1052 1239 1204 1304 medullis

134 1368 144 1410 >
165 1345 329 1431 insederit,
352 1353 389 1412 ut
407 1348 498 1413 nullo
518 1349 582 1412 alio
603 1371 641 1412 ex
659 1348 758 1431 fonte,
781 1348 845 1412 nisi
865 1370 902 1413 ex
921 1348 979 1413 illa
998 1347 1203 1432 potissimum

134 1453 177 1516 uis
205 1454 418 1538 liberalitate,
451 1456 627 1539 repetenda
657 1455 724 1520 sint
751 1476 972 1539 quaecumque
1000 1454 1060 1519 Ille
1083 1455 1118 1519 in
1141 1453 1204 1519 hoc

134 1581 176 1624 ere
198 1583 351 1646 umquam
376 1561 528 1645 instituit,
551 1562 656 1645 iussit,
680 1561 790 1644 suasit,
814 1561 990 1626 iudicavit?
1027 1560 1095 1626 Nec
1118 1561 1203 1626 enim

135 1688 185 1731 ose
216 1669 416 1752 anquirenda
446 1670 593 1753 exempla
624 1673 712 1753 sunt,
744 1668 800 1732 sed
827 1669 860 1732 in
888 1669 1060 1752 propatulo
1088 1668 1205 1752 posita

134 1823 135 1828 η
159 1778 269 1839 tamen
292 1777 424 1862 gravius
449 1780 674 1861 argumentum
699 1775 829 1841 aliunde
852 1776 929 1840 licet
952 1797 1050 1860 quam
1073 1797 1090 1840 e
1113 1775 1204 1841 scho-

136 1904 166 1946 m
194 1884 377 1948 rationibus
400 1906 473 1949 cum
502 1884 699 1968 reliquarum
727 1888 837 1968 petere
865 1889 934 1948 tum
962 1882 1091 1968 harum,
1123 1905 1205 1968 quae

134 1988 242 2054 lolim
262 1991 302 2055 ab
321 1992 534 2078 collegiorum
553 1992 766 2056 universitate
785 2013 904 2056 nomen
921 1995 1101 2075 traxerunt,
1119 1991 1204 2056 idem
1218 2011 1252 2051 ιιι

134 2094 160 2160 ie
196 2096 238 2160 ab
271 2097 451 2163 litterarum
485 2099 698 2163 universitate
731 2103 905 2163 merentur.
958 2097 1088 2163 Etenim
1125 2097 1206 2164 haec

156 2203 337 2267 studiorum
358 2205 498 2270 varietas
520 2206 754 2289 amplissimum
774 2205 942 2288 complexa
960 2205 1204 2289 disciplinarum

134 2332 173 2374 >m
201 2332 280 2374 num
309 2313 361 2376 cui
391 2311 488 2397 dirigi
519 2313 559 2377 ad
588 2316 676 2377 certa
699 2313 785 2376 vitae
809 2333 927 2397 genera
949 2311 1051 2376 videri
1074 2313 1205 2396 potest?

134 2416 224 2481 lirum
253 2418 395 2482 civitatis
420 2419 469 2482 vel
500 2418 678 2483 commodis
701 2420 751 2483 vel
780 2418 1027 2485 necessitatibus
1052 2423 1090 2482 ut
1112 2418 1205 2483 satis·

134 2527 160 2606 t,
183 2524 284 2587 tantis
308 2546 388 2608 opus
413 2531 491 2608 erat,
514 2526 628 2609 quanti
652 2527 685 2589 in
709 2526 856 2610 singulas
882 2527 1118 2610 provinciarum
1143 2526 1204 2589 Bo-

134 2630 254 2694 icarum
279 2631 506 2696 universitates
531 2637 678 2715 sumptus
703 2633 892 2716 erogantur!
915 2636 984 2697 tam
1007 2633 1096 2697 lauto
1120 2632 1205 2696 litte·

134 2758 170 2800 ιιι]
195 2738 282 2800 omni
307 2738 525 2802 subsidiorum
550 2760 667 2824 genere
691 2738 1015 2802 instructissimarum
1034 2740 1205 2822 apparatu!

134 2867 154 2906 o
177 2843 427 2909 lectissimorum
452 2846 593 2910 virorum
618 2867 752 2910 numero
776 2867 950 2929 eorumque
970 2846 1003 2911 in
1022 2868 1120 2911 unum
1140 2869 1206 2911 cor·

148 2952 329 3017 iunctorum
355 2955 581 3037 communique
606 2954 734 3038 collegii
759 2954 887 3018 vinculo
912 2953 1121 3018 sociaturum!
1145 2952 1206 3016 hac

134 3057 208 3143 ique,
233 3059 265 3123 id
290 3061 375 3144 quod
400 3084 562 3125 summum
587 3066 644 3144 est,
668 3062 833 3125 erudiendi
859 3065 892 3125 et
915 3060 1097 3124 subtilitate
1121 3065 1153 3124 et
1171 3060 1206 3124 li·

134 3169 202 3249 atc,
234 3189 317 3250 quae
345 3189 405 3231 nec
434 3168 541 3251 capita
570 3167 723 3250 decerpat
751 3167 907 3250 quaedam
935 3187 993 3230 nec
1017 3166 1206 3250 cuiusquam

134 3269 201 3336 itrio
230 3278 358 3357 pareat,
391 3275 445 3338 sed
471 3296 543 3338 cum
568 3273 608 3337 ad
632 3273 802 3337 interiores
826 3273 953 3337 litteras
977 3295 1205 3358 usquequaque

134 3382 210 3443 uret
238 3380 272 3443 in
296 3381 447 3465 ipsasque
470 3403 577 3445 rerum
601 3403 732 3445 caussas
753 3402 823 3444 sese
841 3380 992 3462 insinuet,
1014 3384 1084 3443 tum
1108 3381 1206 3444 nullis

152 3488 297 3551 veritatis
320 3487 480 3551 limitibus
505 3510 657 3571 umquam
681 3485 971 3551 circumscribatur.

153 3591 223 3657 Hoc
252 3593 354 3677 igitur
377 3594 487 3658 animo
511 3595 565 3678 qui
590 3596 709 3658 artium
733 3594 980 3675 litterarumque
1004 3613 1114 3656 curam
1139 3616 1206 3657 sus-

134 3700 197 3783 erit,
230 3723 302 3763 eum
333 3700 462 3764 demum
491 3701 624 3765 consilio
654 3722 749 3786 agero
779 3722 852 3764 vere
876 3699 965 3783 regio
989 3701 1208 3764 concedimus:

159 3807 293 3871 consilio
323 3807 378 3892 qui
407 3808 525 3890 egerit,
558 3829 629 3871 eum
660 3809 765 3872 solum
795 3811 958 3872 aeternam
987 3806 1116 3871 laudem
1146 3807 1208 3871 sibi

134 3912 226 3976 trisse
250 3913 430 3977 iudicamus
455 3935 634 3997 nomenque
658 3914 897 3978 immortalitati
921 3913 1110 3997 prodidisse.
1148 3913 1208 3977 Ta-

135 4040 193 4103 que
217 4019 392 4084 habuimus
413 4043 507 4104 quem
527 4021 635 4084 vivum
655 4020 749 4084 nobis
768 4021 1005 4104 gratularemur
1022 4025 1206 4085 nostrarum

134 4147 170 4188 im
189 4129 362 4210 patronum
379 4125 643 4208 Altensteinium,
667 4126 731 4189 iam
755 4126 851 4191 uobis
875 4134 1021 4211 creptum
1045 4149 1083 4190 ex
1108 4126 1206 4191 animi

134 4232 226 4297 entia
253 4234 424 4317 lugeamus
454 4255 525 4297 cum
554 4236 646 4295 tanto
669 4233 804 4317 pietate,
838 4238 993 4317 quantam
1017 4234 1070 4298 vix
1094 4254 1208 4317 capere

134 4361 197 4405 ura
218 4343 371 4425 possunt,
402 4361 469 4404 non
498 4343 606 4422 potest
634 4340 756 4423 brevis,
784 4362 881 4424 quam
905 4340 958 4405 hic
980 4341 1069 4405 locus
1093 4339 1208 4425 poscit,

134 4447 177 4511 io.
222 4444 363 4512 Tantum
388 4446 474 4510 enim
498 4446 605 4527 abest,
638 4449 675 4509 ut
698 4446 882 4529 gravissimi
907 4447 1090 4531 argumenti
1114 4447 1208 4510 uber·

942 4549 996 4603 41*
