2886 5032
149 309 213 372 704
375 318 606 369 inrarruscnu
628 304 851 386 inscanter,
873 316 1066 384 saansaan,

147 467 216 532 sive
239 487 358 550 magno
383 465 563 548 stolidoque
587 463 728 527 clamore
747 464 916 546 parantur,
939 483 979 526 eo
998 459 1134 546 profecto
1147 457 1242 525 laetiore

151 574 251 639 animi
281 574 398 638 affectu
429 592 530 657 eoque
558 569 693 635 fortiore
724 590 877 634 sensuum
905 569 1131 634 testificatione
1156 585 1245 633 causer
1308 594 1310 598 ⁴

149 685 282 746 taneum
312 684 363 745 est
390 679 471 744 talia
499 677 669 743 sollemnia
697 676 881 743 academica
908 699 929 742 a
956 677 1050 742 bonis
1081 676 1209 742 omnibus
1228 672 1249 733 rt
1308 700 1310 756 j

152 787 256 871 excipi
285 791 317 850 et
344 784 576 868 concelebrari,
607 784 717 869 qualia
743 805 819 848 raro
847 784 1001 849 fortunae
1028 783 1175 848 beneficio
1196 780 1251 842 inin

152 894 255 958 trium
277 894 454 957 lustrorum
478 892 619 976 spatium
642 891 723 955 haec
746 894 836 955 aetas
855 912 935 955 sena
953 891 1050 956 vidit:
1072 885 1254 974 Erlangensir,

152 999 403 1083 Regimontana,
427 997 627 1082 Gryphiana,
649 995 893 1083 Friburgensia,
917 997 1076 1081 Ienensia,
1098 991 1256 1061 Basiliensia

154 1106 278 1182 Quibus
303 1128 384 1191 quae
403 1127 489 1169 nunc
508 1105 646 1187 septima
665 1104 820 1169 accedunt
839 1102 1066 1170 Berolinensia
1079 1103 1199 1185 Vestra,
1212 1118 1258 1164 cun

150 1236 170 1278 a
194 1213 353 1295 singulari
376 1211 548 1295 splendore
572 1232 631 1276 suo
655 1232 722 1275 non
745 1211 874 1294 possint
896 1232 964 1276 non
982 1211 1151 1276 universae
1167 1207 1257 1294 patriae

151 1318 241 1384 cordi
268 1340 339 1382 esse
368 1323 497 1402 praeter
525 1323 646 1400 cetera,
672 1321 744 1381 tum
767 1316 871 1381 multo
895 1318 995 1383 etiam
1019 1318 1152 1403 propius
1173 1315 1207 1380 ad
1223 1330 1260 1376 nor

151 1426 361 1509 potissimum
390 1427 583 1507 nostrasque
611 1423 754 1487 rationes
783 1422 943 1507 pertinere
971 1427 1122 1508 apertum
1148 1426 1203 1501 est,
1227 1414 1262 1500 qui

153 1531 352 1595 condicionis
376 1529 650 1613 consiliorumque
674 1529 828 1594 societate
847 1528 1026 1595 Vobiscum
1050 1521 1264 1594 coniunctissimi

153 1638 192 1702 ad
217 1637 353 1703 eundem
377 1639 475 1701 finem
499 1635 770 1703 contenderimus.
810 1634 898 1701 Nam
921 1640 955 1702 et
978 1656 1177 1701 communem
1199 1628 1264 1713 orip'·

154 1767 227 1808 nem
252 1744 430 1808 Fridericia
445 1743 622 1809 Guilelmia
638 1742 758 1809 Vestra
782 1749 815 1809 et
837 1743 918 1809 haec
933 1742 1112 1809 Fridericia
1130 1735 1266 1807 Guilelm

153 1849 312 1915 Rhenana
335 1850 417 1933 ipsis
441 1850 629 1915 nominibus
656 1850 1070 1936 testamur-augustissimi
1100 1848 1266 1927 eiusdemque

155 1956 450 2022 munificentissimi
479 1956 657 2023 conditoris
688 1957 867 2022 immortali
901 1958 1078 2023 memoriae
1111 1955 1226 2034 dicatis,
1247 1950 1267 2011 el

155 2063 302 2128 laborum
327 2086 400 2128 cnm
424 2064 634 2130 difficultates
658 2067 728 2128 tum
748 2065 892 2148 praemia
911 2064 983 2130 ideo
1003 2065 1170 2130 simillima
1185 2055 1265 2127 habui·

154 2192 236 2253 mus,
259 2171 345 2256 quod
366 2176 533 2256 tamquam
556 2170 818 2236 adulescentibus
840 2192 878 2235 ac
896 2171 1150 2255 pubescentibus
1172 2183 1265 2236 corut·

154 2277 290 2343 tandum
314 2278 377 2343 fuit
401 2300 474 2342 cum
497 2282 548 2343 tot
572 2278 646 2343 aliis
665 2299 723 2361 per
742 2277 952 2343 Germaniam
971 2278 1140 2345 Musarum
1162 2275 1265 2349 sedibut

153 2407 220 2449 non
248 2384 506 2469 senescentibus,
535 2384 591 2449 sed
619 2406 793 2467 annorum,
821 2384 923 2451 immo
951 2386 1155 2452 saeculorum
1177 2378 1269 2467 longia

155 2492 280 2575 quitate
310 2491 456 2574 maturis,
489 2491 545 2555 sed
577 2491 701 2556 meritis
733 2492 881 2576 quaesita
910 2493 1107 2558 auctoritate
1136 2489 1268 2579 gravibus,

155 2598 211 2664 sed
235 2599 344 2664 debito
369 2599 482 2663 virtuti
505 2598 627 2663 honore
650 2599 835 2664 cumulatis.
874 2600 978 2676 Quem
996 2598 1212 2666 contentionis
1227 2611 1273 2660 cur

154 2728 225 2769 sum
248 2706 344 2789 longe
367 2705 591 2769 nobilissimae
615 2708 737 2790 quanta
769 2704 839 2770 Vos
862 2688 990 2790 quidem
1014 2728 1088 2771 cnm
1119 2706 1217 2792 gloria
1238 2716 1273 2785 pet

154 2811 271 2875 horum
303 2813 411 2875 decem
444 2813 621 2876 lustrorum
656 2812 909 2877 continuitatem
941 2813 979 2877 ad
1011 2812 1274 2897 praeclarissimum

153 2918 185 2981 in
216 2919 330 3002 quovis
361 2923 393 2982 et
422 2920 587 2984 doctrinae
615 2925 648 2983 et
676 2919 858 2984 honestatis
887 2925 920 2985 et
951 2920 1167 2986 humanitatis
1189 2930 1275 3004 genart

156 3026 320 3108 exemplar
349 3026 544 3111 direxeritis,
573 3049 645 3091 cum
675 3027 826 3111 persequi
848 3026 983 3112 longum
1008 3033 1059 3093 est
1083 3033 1153 3092 tum
1176 3028 1207 3091 in
1226 3042 1277 3107 pm*

153 3133 269 3213 patulo
295 3134 438 3215 positum
463 3126 687 3217 communique
707 3134 852 3198 cultioris
872 3135 1023 3218 Europae
1043 3157 1201 3200 consensu
1216 3150 1279 3197 con·

154 3239 339 3320 probatum.
386 3239 512 3304 Tantae
541 3241 643 3325 igitur
671 3245 802 3324 tamque
826 3241 962 3305 eximiae
992 3242 1100 3306 laudis
1125 3237 1280 3313 admiratio,

154 3345 326 3409 accedente
363 3346 552 3412 invitatione
586 3347 705 3411 Vestra
742 3348 1062 3433 benevolentissima,
1098 3371 1163 3414 non
1194 3346 1279 3431 potest

154 3472 220 3513 non
245 3450 329 3514 hane
353 3453 418 3515 vim
442 3453 574 3537 habere,
606 3455 682 3537 quin
706 3459 909 3538 praesentem
933 3455 1127 3520 felicitatem
1151 3455 1279 3521 Vestram

157 3562 189 3622 et
220 3558 317 3622 officii
349 3581 477 3643 caussa,
508 3560 593 3644 quod
625 3582 694 3623 esse
726 3560 966 3626 sanctissimum
999 3563 1173 3647 sentimus,
1201 3565 1229 3626 et
1253 3575 1280 3618 εἰ

157 3664 257 3728 animi
286 3668 462 3748 sententia,
491 3689 553 3750 quo
581 3666 674 3731 nobis
704 3666 767 3750 ipsi
796 3668 876 3731 satis
905 3667 1078 3751 iaciamus,
1101 3669 1202 3734 Vobis
1227 3683 1280 3730 con·

157 3772 367 3856 gratulemur,
387 3774 537 3856 omnique
553 3774 710 3857 religione
724 3771 829 3838 Deum
845 3772 1013 3857 Optimum
1028 3773 1205 3839 Maximum
1219 3790 1281 3837 com·

158 3900 338 3963 precemur,
369 3881 416 3944 uti
446 3880 479 3943 in
508 3879 689 3943 illustribus
719 3880 975 3944 illustrissimam
999 3880 1207 3946 Fridericiam
1227 3873 1281 3942 Gui-

159 3984 312 4069 lelmiam,
337 4008 411 4050 vere
436 3986 526 4071 regio
550 3988 686 4051 consilio
711 3987 798 4052 inter
820 3993 1003 4071 temporum
1028 3989 1281 4075 iniquissimorum

158 4089 346 4155 discrimina
376 4092 454 4155 olim
483 4092 683 4176 institutam,
712 4116 771 4157 sua
793 4097 903 4159 autem
927 4095 1046 4159 virtute
1070 4101 1138 4160 tam
1162 4096 1243 4160 clara
1259 4088 1282 4152 il

158 4197 228 4261 luce
260 4199 325 4262 iam
360 4201 565 4281 collocatam,
598 4205 706 4264 servet
739 4200 877 4284 sospitet
907 4201 1070 4267 secundet
1117 4202 1169 4268 Sic
1198 4204 1283 4266 auten

156 4325 230 4367 cum
259 4305 459 4369 celebrandis
489 4329 508 4369 a
532 4305 635 4370 Vobis
664 4330 721 4390 per
749 4306 914 4391 proximos
938 4307 1006 4372 dies
1032 4311 1133 4375 sacris
1157 4310 1286 4375 semisse

156 4410 320 4475 sularibus
344 4412 408 4476 iam
433 4434 531 4494 nuuc,
563 4413 647 4495 quod
673 4414 792 4479 bonum
816 4415 894 4479 felix
918 4415 1063 4481 faustum
1089 4418 1287 4482 fortunatum·
