2836 5034
232 335 296 404 318
521 351 781 404 eucnnconnnn
804 353 851 404 na
876 354 1086 406 annueremus

232 505 375 565 veterum
399 504 570 583 poetarum
593 500 768 566 latinorum
791 501 987 567 mactatione
1010 501 1208 582 continetur,
1231 498 1301 566 ratio

139 624 220 665 ΜΗ
234 607 389 690 condicio,
414 610 458 689 ut,
484 607 541 691 qui
564 630 678 691 sapere
702 610 758 672 aut
781 608 866 673 nolit
889 611 947 672 aut
968 612 1106 673 naturae
1130 607 1210 673 vitio
1230 628 1310 691 neque

231 714 431 803 ignorandus
466 713 522 798 sit,
555 716 668 799 procul
701 714 879 799 abdendus,
911 716 1134 781 abstinendus.
1178 713 1238 779 Illo
1266 718 1310 779 aut

232 845 296 908 quo
324 823 389 887 dixi
419 821 556 888 consilio
586 844 659 886 cum
688 844 765 907 prae
792 822 906 887 ceteris
935 822 1099 887 videretur
1125 819 1188 884 boc
1219 819 1310 904 agend

232 952 311 1013 esse,
336 934 371 994 ut
388 930 461 1013 ipsa
480 929 580 994 verba
598 931 713 1012 poetae
732 929 773 993 ad
792 929 888 994 fidem
908 929 1066 994 librorum
1085 930 1201 992 enada
1217 930 1248 991 et
1262 927 1310 992 crit

232 1037 434 1122 supellectile
462 1037 622 1101 instructa
651 1058 747 1120 quam
776 1036 990 1120 plurimorum
1018 1035 1168 1101 manibus
1197 1055 1310 1118 quam}

232 1167 322 1210 mum
344 1143 561 1226 traderentur,
588 1142 676 1207 baud
700 1144 766 1209 seio
791 1165 834 1208 an
856 1142 1036 1209 laudandus
1060 1142 1171 1228 potius
1194 1163 1310 1226 quamn

233 1250 358 1334 pandus
378 1250 498 1332 videar,
521 1250 607 1334 quod
631 1273 740 1316 morae
764 1251 938 1335 impatiens
961 1272 1047 1316 nuuc
1066 1249 1197 1335 quidem
1215 1272 1235 1314 a
1251 1271 1310 1314 cau

231 1380 303 1421 rum
332 1357 533 1441 expositione
563 1358 674 1442 paullo
703 1359 866 1442 uberiore,
893 1379 957 1442 qua
985 1357 1148 1433 rationem
1171 1356 1310 1421 redderer

232 1486 284 1529 me
306 1466 359 1529 vel
381 1467 584 1549 receptorum
608 1467 664 1530 vel’
683 1467 940 1552 reprobatorum,
962 1488 1028 1532 non
1052 1466 1122 1531 sine
1141 1464 1250 1549 aliquo
1268 1462 1310 1528 dol

232 1593 284 1635 me
313 1571 471 1637 abstinui:
503 1595 569 1637 nou
597 1573 773 1657 desperans
801 1577 912 1639 tamen
939 1573 978 1637 de
1005 1572 1101 1636 iustis
1129 1574 1310 1637 commentar

232 1699 305 1742 cum
332 1679 437 1762 ipsam
466 1681 635 1760 διόρθωειν
664 1679 849 1763 absolvero,
877 1680 954 1744 olim
983 1677 1129 1763 edendis,
1165 1679 1193 1743 si
1221 1681 1310 1763 pert

234 1789 376 1868 pestates
404 1787 531 1852 licuerit
558 1809 617 1851 nee
646 1785 801 1851 desierint
828 1785 908 1851 haec
937 1785 1046 1850 studia
1069 1785 1179 1869 alique
1203 1784 1239 1848 iu
1261 1784 1310 1848 bor

234 1914 314 1957 esse.
359 1892 430 1957 Hoc
451 1899 561 1958 tamen
590 1894 695 1978 magis
720 1892 812 1957 video
841 1892 921 1956 mibi
945 1893 984 1957 de
1008 1891 1213 1976 gravissimis
1237 1891 1310 1974 parti

234 1999 469 2064 emendationis
488 2000 658 2065 Plautinae
681 2000 743 2064 boe
766 2000 837 2065 loco
857 1999 1036 2084 generatim
1055 1999 1281 2083 exponendum
1297 2019 1310 2059 e

711 2267 825 2315 cnrvr
849 2247 905 2312 VI.

324 2391 477 2456 Omnium
501 2398 611 2458 autem
635 2393 774 2477 primum
800 2391 976 2458 curandum
997 2394 1055 2474 est,
1079 2396 1115 2456 ut
1134 2391 1173 2455 de
1200 2391 1310 2457 fidel

234 2499 408 2563 bresiani
432 2499 517 2582 libri,
541 2500 642 2583 deque
666 2500 791 2564 ratione
814 2521 897 2583 quae
920 2498 1008 2562 inter
1030 2496 1116 2560 hunc
1140 2502 1174 2560 et
1194 2495 1310 2561 Calli(

235 2608 497 2672 recensionem
522 2605 649 2693 (licebit
667 2608 752 2672 euim
771 2608 833 2672 hoc
852 2606 981 2671 nomine
1000 2604 1062 2690 uti)
1082 2605 1273 2687 intercedet,
1295 2628 1310 2667 r

235 2714 407 2778 sentiatur:
431 2715 465 2777 in
489 2736 552 2798 quo
576 2737 642 2777 non
666 2714 773 2778 miuus
796 2714 876 2778 illud
900 2713 1087 2794 cavendum,
1110 2733 1150 2775 ne
1170 2712 1258 2774 iusto
1282 2711 1310 2794 pl

236 2821 320 2885 illius
345 2822 585 2905 alletoritatem,
614 2844 710 2905 quam
738 2843 777 2885 ne
801 2820 886 2885 iusto
911 2819 1045 2883 minoris
1069 2815 1220 2902 facias.*)
1268 2817 1309 2881 nt

235 2928 338 2991 dicem
362 2928 491 3013 quidem
516 2930 621 3012 ipsum
645 2929 808 2993 neminem
832 2926 927 2992 facile
950 2926 1036 3010 fugit
1058 2948 1124 2990 non
1148 2947 1222 2991 esse
1247 2948 1310 2988 ea<

235 3039 399 3117 paratum,
436 3040 472 3098 ut
503 3057 567 3099 non
601 3035 705 3098 multa
738 3035 822 3097 inter
859 3033 1063 3097 scribendum
1102 3030 1308 3114 imprudente

236 3140 369 3204 librario
394 3147 526 3225 peccata
550 3142 626 3206 sint:
655 3142 744 3205 velut
767 3164 839 3204 eum
863 3141 896 3204 in
920 3141 991 3224 ipso
1016 3138 1175 3224 principio
1200 3136 1310 3200 'Prinne

235 3271 328 3312 versu
357 3250 395 3312 10
418 3251 617 3333 transposito
641 3248 709 3312 v.8
734 3252 767 3311 et
790 3248 810 3310 9
834 3248 868 3310 in
891 3270 991 3311 unum
1016 3246 1192 3329 contraxit,
1222 3247 1272 3309 vel
1294 3269 1310 3309 1

235 3373 386 3421 uenoms
410 3357 521 3439 posuit
543 3380 602 3439 pro
627 3373 737 3438 coms,
760 3357 812 3419 vel
836 3373 961 3420 119111
985 3376 1043 3437 pro
1068 3371 1198 3417 sisinn
1225 3376 1253 3416 v.
1279 3354 1310 3417 ‘21

235 3464 346 3527 omisit
365 3487 393 3528 v.
408 3465 460 3546 46,
481 3482 525 3526 un
545 3485 603 3546 pro
623 3482 667 3526 sn
687 3463 818 3546 scripsit
837 3485 864 3525 v.
884 3462 936 3544 61,
955 3478 1106 3526 irnscsnn
1125 3482 1184 3542 pro
1204 3478 1310 3523 naseu

236 3592 264 3634 v.
286 3572 358 3653 181,
382 3587 582 3635 cannensis
606 3592 664 3652 pro
689 3586 870 3634 rannonsn
895 3593 921 3632 v.
945 3569 1015 3651 183,
1040 3584 1244 3632 rnnrsmcon
1265 3591 1292 3630 v.

178 3659 184 3674 ⁴
236 3694 396 3754 QUfflUSIT
412 3677 486 3759 283,
500 3694 678 3740 UlRTUTUM
695 3699 753 3759 pro
768 3694 947 3740 sirenosum
958 3674 1033 3759 309,
1048 3692 1309 3738 concursuras

235 3784 313 3867 314,
337 3801 451 3847 [tonsu
471 3806 529 3867 pro
550 3799 665 3846 norun
686 3784 760 3864 474,
785 3799 891 3846 sinens
912 3803 970 3865 pro
990 3797 1095 3844 ninius
1115 3781 1190 3862 475,
1212 3769 1310 3858 eiust

235 3908 331 3966 onan
367 3890 441 3971 519,
473 3905 1009 3965 nnsisininsciisonnmunlonnn
1043 3910 1100 3971 pro
1133 3909 1288 3968 teuzonem

234 4019 328 4077 raeque
351 3998 441 4079 pilati
469 3999 514 4060 lui
543 3998 622 4078 521,
651 4012 947 4059 innnor'rnsinsrr
976 3995 1054 4075 648,
1087 4011 1216 4058 orrens
1247 3997 1310 4060 744

235 4126 316 4186 quae
345 4109 421 4166 sunt
449 4102 570 4166 similia
598 4102 730 4165 minime
758 4123 870 4184 pauca.
917 4100 987 4176 Quo
1015 4101 1113 4164 etiam
1143 4123 1262 4167 eorum
1292 4127 1310 4188 q

235 4208 308 4273 dam
339 4209 507 4273 referenda
535 4213 623 4289 sunt,
651 4230 731 4291 qnae
760 4229 832 4270 eum
860 4206 953 4288 plene
977 4204 1041 4288 legi
1065 4213 1251 4290 nequeant,
1280 4214 1310 4273 tn

236 4317 276 4379 ab
301 4315 472 4378 emendata
495 4317 655 4398 scriptura
679 4315 860 4397 discrepare
884 4334 1037 4376 numerus
1057 4314 1247 4395 spatiorum
1268 4318 1310 4381 do

195 4464 198 4471 .
307 4490 335 4555 *J
356 4490 411 4559 {Ui
434 4490 532 4559 Opuse.
554 4488 622 4558 pbil.
642 4489 679 4540 lll
700 4507 725 4558 p.
748 4495 788 4542 12.
809 4490 881 4558 791]
