2836 5034
389 342 650 393 mnuoacroms
674 339 881 390 curvamen.
1140 322 1207 389 445

136 488 211 554 dere.
255 489 314 556 Eis
340 489 442 575 igitar
468 489 629 574 angustiis
658 493 695 552 ut
722 509 756 551 sc
784 486 987 571 expedirent,
1013 504 1088 550 cunr
1111 485 1205 550 alter-

134 619 177 661 am
199 598 357 663 rationem
380 599 545 682 oporteret
566 596 749 681 paullulum
773 594 885 659 cedere
908 592 1014 677 alteri,
1036 612 1206 676 praeroga-

134 726 170 767 ιω
200 704 330 788 quidem
361 726 487 789 semper
519 704 689 769 voluerunt
721 701 915 787 quantitatis
948 722 1033 782 esse,
1065 699 1105 764 ad
1138 701 1313 765 eiuscouru

134 833 176 875 ern
194 812 411 879 constantiam
430 817 580 877 accentus
599 810 858 877 observationem
883 808 1066 873 modicam
1086 830 1208 873 accom-

134 918 248 982 larunt.

157 1025 314 1109 Exemplo
338 1049 405 1091 rem
430 1026 609 1091 declarabo.
656 1023 741 1091 Nam
764 1047 838 1090 curn
862 1024 945 1087 ratio
968 1023 1075 1087 omnis
1099 1044 1208 1087 accen-

141 1133 233 1196 latini
253 1133 376 1198 duabus
396 1132 521 1219 legibus
540 1131 772 1217 principalibus
790 1130 842 1195 his
861 1130 1079 1195 contineatur:
1097 1128 1209 1211 altera,

134 1261 213 1323 quae
248 1240 405 1304 vocabula
433 1238 706 1324 hyperdisyllaba·
730 1237 962 1322 paenultimam
993 1236 1122 1319 longam
1153 1233 1208 1298 lra-

134 1352 164 1409 nt
188 1351 393 1430 parorytona
416 1346 494 1428 sint,
517 1345 767 1435 quae‘brevem,
792 1346 1069 1428 proparoxytoua:
1098 1342 1210 1422 altera,

134 1451 245 1516 ultima
266 1452 394 1535 syllaba
416 1454 587 1517 verborum
610 1451 891 1535 polysyllaborum
919 1448 1137 1534 quorumlibet
1160 1471 1209 1511 ac·

134 1581 204 1640 um,
225 1564 262 1622 ut
279 1559 312 1622 in
332 1559 444 1643 lingua
462 1559 633 1642 barytona,
651 1580 827 1642 numquam
843 1557 992 1641 recipiat:
1011 1576 1209 1639 consequens

151 1670 202 1747 ut,
238 1665 323 1749 quod
347 1665 387 1729 a]
411 1670 576 1731 accentum
600 1666 732 1746 attinet,
764 1687 837 1729 vere
865 1663 1047 1729 iambicis
1077 1662 1210 1727 vocibus

137 1772 238 1836 llabis
260 1770 319 1855 (υλ
339 1773 466 1839 etitem
484 1772 542 1857 υυ’)
563 1774 696 1838 omniuo
720 1777 844 1837 careret
867 1771 970 1836 latina
994 1769 1115 1855 lingua.
1146 1764 1210 1831 lta·

148 1878 214 1943 hoc
236 1878 385 1943 licentiae
404 1885 528 1944 veteres
552 1879 600 1943 illi
625 1879 687 1942 sibi
711 1884 919 1963 sumpserunt
942 1881 1070 1962 praeter
1094 1880 1211 1958 cetera,

134 1984 374 2067 bisyllaborum
406 1985 656 2064 vocabulorum,
690 2007 827 2068 quorum
861 1984 968 2049 brevis
1001 1982 1211 2067 paenultima,

134 2111 280 2175 nagnam
317 2091 557 2155 multitudinem
594 2114 658 2156 nou
697 2093 743 2156 sic
776 2092 1026 2176 pronuntiarent
1058 2100 1116 2172 ν’-,
1153 2089 1209 2153 sed

134 2219 181 2262 η
213 2203 311 2282 atque
341 2198 392 2262 lex
424 2203 575 2262 accentus
604 2198 806 2281 postulabat,
839 2202 989 2261 acuerent
1020 2198 1053 2261 iu
1086 2196 1211 2278 ultima,

134 2310 144 2367 l
170 2303 327 2390 uidc'nl.*)
372 2303 465 2380 Quod
489 2304 550 2367 uisi
574 2304 621 2368 ita
643 2304 870 2387 instituissent,
893 2326 932 2368 ue
956 2326 1056 2368 unmn
1080 2304 1210 2387 quidem

134 2411 230 2474 trium
254 2412 357 2474 facere
380 2410 564 2493 potuissent
592 2411 670 2494 quin
694 2433 767 2474 eum
792 2410 843 2474 vel
868 2409 1092 2493 monosyllabo
1117 2434 1209 2475 voca·

134 2543 141 2579 a
165 2517 379 2579 terminarent
403 2516 453 2579 rel
477 2515 740 2599 hyperdisyllabo
764 2517 848 2600 quml
873 2518 905 2580 iu
930 2517 1094 2599 dactylum
1118 2518 1208 2580 creti·

134 2645 178 2685 *ve
203 2622 373 2685 desineret.
420 2622 572 2685 Adimam
597 2630 704 2686 aretem
730 2624 760 2686 in
790 2624 936 2687 srcrrarii
962 2624 1106 2688 exitum
1132 2624 1209 2687 iurn-

134 2729 317 2792 ·v0cabulo
343 2749 451 2790 rursus
476 2730 544 2811 pari
570 2731 703 2811 penuria
727 2735 823 2813 atque
848 2730 949 2792 multo
970 2730 1066 2792 etiarn
1088 2732 1210 2793 rnaiorc
1226 2754 1296 2792 ccix

134 2836 231 2898 rimus
264 2844 338 2898 aute
369 2841 494 2897 sextum
526 2836 638 2917 [uellem
671 2836 760 2900 locus
793 2836 1010 2919 premebatur:
1048 2859 1087 2899 ne
1112 2835 1211 2919 igitur

134 2970 141 3004 ι
165 2950 272 3005 cetera
296 2946 424 3022 praeter
449 2941 673 3024 monosyllaba
697 2948 728 3004 ct
752 2943 872 3006 cretica
895 2947 927 3003 ct
950 2948 1037 3005 certa
1062 2942 1212 3025 lrypenli-

135 3049 195 3111 aba
220 3048 376 3111 vocabula
399 3048 643 3112 excluderentur
666 3049 787 3127 omnia,
816 3071 852 3111 cx
883 3049 1011 3111 ultimi
1042 3048 1152 3129 pedis
1177 3048 1212 3110 li·

134 3156 173 3217 lia
191 3156 423 3218 consectarium
444 3177 512 3217 csse
532 3153 614 3217 hauc
635 3155 770 3218 alterurn
793 3155 970 3236 voluerunt,
995 3157 1082 3217 utin
1103 3177 1211 3237 pacu-

138 3261 209 3324 imo
234 3262 304 3324 loeo
330 3284 393 3324 nou
419 3261 513 3325 ruodo
538 3263 613 3323 item
644 3262 795 3341 iambica,
820 3261 873 3323 secl
902 3262 1000 3324 elium
1029 3261 1213 3343 ‚vrpmnliaca5

134 3371 288 3450 pacatico,
321 3367 555 3445 choriambico,
590 3367 775 3449 molossicas,
809 3369 912 3430 iouicu
947 3368 1102 3431 vocabula
1134 3386 1213 3449 luna

176 3649 199 3713 ⁸)
229 3647 313 3701 Cuius
343 3649 381 3701 rci
408 3666 534 3701 cerussam
561 3648 627 3702 licet
652 3649 736 3703 etium
764 3649 848 3702 altius
875 3652 1007 3718 repetere.
1052 3648 1124 3702 Nam
1151 3666 1212 3702 cuur

139 3735 201 3789 tica
218 3736 356 3790 vocabula
375 3738 481 3803 omnia,
502 3737 579 3790 cuius
600 3737 627 3790 in
647 3738 756 3805 vulgari
776 3739 1002 3807 pronuntiatione
1023 3756 1092 3791 unus
1112 3737 1213 3807 priuci—
1264 3743 1279 3765 '

134 3820 292 3879 inaccentus
312 3826 356 3878 hie
376 3828 420 3879 est
438 3847 454 3877 c
469 3854 487 3876 υ
525 3870 530 3893 ,
550 3826 578 3879 in
599 3826 733 3880 iambicos
752 3829 967 3895 trochaicooqne
983 3845 1077 3881 versus
1096 3846 1130 3880 nc
1151 3845 1213 3895 pos-

135 3910 145 3961 l
163 3914 266 3979 quidem
293 3915 375 3969 aliter
398 3917 452 3969 nisi
471 3916 511 3968 sic
530 3915 633 3968 intrare
652 3918 683 3967 ut
702 3915 784 3968 simul
804 3916 905 3969 ultima
924 3916 1046 3983 syllaba,
1075 3916 1153 3970 cuius
1173 3936 1213 3969 se·

134 3996 216 4055 itarius
238 4007 348 4057 tantum
372 4006 503 4057 accentus
526 4004 655 4070 paridam,
679 4005 731 4057 nob
755 4004 838 4057 araim
866 4004 979 4057 cuderet
1002 4003 1086 4072 priori
1112 4004 1167 4057 arsi
1189 4007 1214 4058 vi

134 4101 185 4141 *nus
203 4109 295 4158 parem
316 4112 365 4143 :o
378 4112 412 4143 n:
441 4091 470 4143 in
494 4094 575 4145 tanta
593 4092 692 4145 horum
713 4091 893 4146 rnultitmline
913 4109 969 4145 nun
989 4096 1141 4160 potuerunt
1159 4110 1215 4146 non

134 4187 163 4224 fes
176 4180 252 4245 plane
272 4196 431 4233 assuescere
450 4196 484 4232 ea
502 4179 624 4246 ratione,
644 4198 699 4248 qua
718 4181 830 4234 brevem
850 4180 1053 4249 paenultimam
1073 4180 1215 4250 excipiens

134 4274 167 4326 ¹8²
181 4268 273 4323 ultima
293 4270 440 4321 accentum
460 4268 598 4336 reciperet
617 4272 728 4336 praeter
747 4267 902 4335 legitimum
919 4267 1149 4321 consuetudinem
1165 4268 1215 4321 lin·

134 4358 165 4401 lt-
194 4355 258 4411 llino
281 4359 381 4427 igitar,
409 4375 492 4425 <paam
517 4357 608 4411 facilia
639 4359 715 4410 uelut
738 4374 755 4409 a
774 4359 901 4424 peruidc‘t
920 4359 1056 4424 perfidum
1082 4360 1216 4411 transitus

134 4438 164 4487 'tl
177 4442 207 4495 aa
223 4448 294 4501 uidet
313 4448 402 4513 tideru,
421 4450 450 4499 ct
469 4445 637 4514 perspicitur
655 4448 684 4498 et
702 4445 821 4498 sentitur
840 4445 984 4499 facillime.
