2886 5032
146 326 212 392 652
525 331 763 382 aaramrscnn
787 331 918 379 aaran.

147 509 216 552 non
244 505 322 549 sane
351 482 458 547 solent
481 479 550 544 sine
572 477 641 543 ulla
663 475 907 542 intermissione
930 474 971 540 de
995 475 1056 541 deo
1079 477 1218 561 cogitare
1236 474 1257 538 id

149 591 234 678 quod
263 589 319 653 ille
347 609 388 651 ne
416 585 563 671 postulat
591 583 733 669 quidem:
767 581 912 668 itemque
936 582 1044 647 altera
1065 604 1104 647 ex
1125 587 1207 668 parte
1223 581 1257 666 q‘

149 699 231 765 illud
254 698 375 781 ipsum,
403 696 446 758 ut
468 693 562 757 deum
586 695 758 776 quaerant,
786 693 937 773 spectant
960 692 996 754 et
1017 690 1200 775 moliuntur,
1216 710 1260 755 non

149 805 214 871 nisi
237 826 295 887 per
318 800 447 866 easdem
470 799 530 863 has
555 798 720 883 ambages,
742 797 776 860 in
800 797 918 882 quibua
942 818 1017 863 cum
1035 797 1197 883 voluptate
1212 794 1260 860 reli·

152 933 234 997 quae
262 909 391 973 litterae
419 910 600 990 morantur,
631 905 664 968 id
693 904 779 988 quod
802 905 918 969 volunt
947 908 1176 989 assequuntur,
1202 907 1262 967 recti

152 1018 230 1082 illuc
253 1012 421 1098 pervenire
450 1013 582 1078 omnino
605 1014 777 1097 nequeunt
823 1009 908 1076 Hinc
931 1015 969 1076 ut
992 1011 1034 1075 ad
1059 1033 1114 1076 eas
1137 1014 1213 1076 artes
1229 1009 1262 1073 de·

153 1124 281 1188 flectam
311 1121 506 1205 orationem,
538 1141 674 1203 quarum
703 1141 803 1203 opera
830 1119 889 1184 sub
921 1140 1037 1184 sensus
1061 1119 1189 1201 cadunt,
1213 1113 1263 1201 qnid

154 1233 263 1314 potest
285 1228 397 1292 utilius
422 1248 491 1292 esse
515 1228 555 1292 ad
579 1226 782 1311 singularum
802 1227 867 1291 vim
891 1229 924 1290 et
946 1226 1027 1290 fines
1052 1223 1264 1312 cognoscendos,

155 1358 252 1420 quam
275 1334 412 1420 diligens
436 1356 546 1399 earum
570 1333 793 1418 comparatio?
826 1331 949 1398 Contra
968 1355 1083 1418 sapere
1102 1355 1144 1397 an
1161 1331 1264 1415 ineptire

155 1442 313 1523 dicemus,
340 1441 367 1504 si
391 1441 446 1524 qui
469 1440 521 1505 vel
550 1442 695 1524 picturae
718 1440 889 1524 musicam,
916 1439 967 1506 rel
992 1439 1136 1506 musicae
1159 1440 1267 1522 sculpti·

155 1570 226 1612 ram
258 1548 355 1632 longe
388 1548 649 1633 anteponendam
681 1548 826 1613 iactent?
858 1547 909 1611 vel
941 1547 969 1611 si
1002 1568 1086 1631 quae
1115 1568 1187 1611 com
1212 1539 1268 1627 ingl

155 1657 294 1740 possunt
313 1654 433 1719 similia
451 1659 521 1719 tum
541 1655 704 1720 communi
722 1676 784 1720 usu
807 1654 894 1720 vitae
916 1654 1118 1720 cottidianae
1141 1652 1270 1718 evenimt

159 1763 281 1840 Quodsi
307 1762 475 1846 aliquanto
500 1763 599 1827 etiam
622 1763 721 1827 latius
746 1761 974 1846 exspatiemur,
998 1760 1076 1846 quid
1095 1765 1146 1826 est
1162 1759 1272 1837 tandcu,

157 1891 221 1953 quo
241 1869 361 1932 rectius
385 1891 482 1954 quam
507 1870 587 1935 olim
610 1869 649 1933 de
672 1869 745 1952 ipsa
767 1868 858 1953 poesi
880 1868 982 1953 deque
1007 1869 1126 1933 veteris
1149 1864 1271 1933 recentia

128 1997 219 2075 ,que
248 1975 423 2040 memoriae
446 1976 552 2060 poetis
577 1998 649 2040 cum
680 1976 797 2039 exteris
827 1978 896 2039 tum
926 1975 1129 2040 nostratibus
1160 1974 1271 2039 iudicare

158 2080 351 2146 didicimus?
396 2081 489 2147 Nihil
517 2082 661 2168 profecto
690 2081 790 2166 aliud,
820 2082 884 2146 nisi
912 2079 997 2166 quod
1022 2103 1123 2166 pravo
1147 2081 1193 2146 uti
1213 2098 1272 2144 con·

158 2188 294 2273 parandi
318 2190 426 2255 studio
450 2189 670 2255 dedidicimus.
711 2188 787 2254 Fuit
809 2189 894 2253 enim
915 2188 949 2253 id
971 2191 1102 2272 tempus
1126 2189 1271 2271 olim,an

160 2318 238 2361 suae
262 2296 469 2380 potissimum
493 2297 747 2379 consuetudinis,
782 2319 912 2362 suarum
935 2295 1140 2381 opinionum,
1171 2308 1272 2359 suorum

159 2408 192 2467 et
222 2426 348 2470 morum
381 2407 414 2468 et
443 2405 664 2488 exemplorum
698 2404 886 2488 angustiore
918 2407 952 2468 et
983 2403 1120 2469 exiliore
1152 2414 1271 2466 mensure

159 2510 240 2574 nihil
265 2511 413 2595 singulae
436 2511 584 2576 cultioris
607 2511 758 2597 Europae
781 2514 893 2596 gentes
916 2533 981 2576 non
1005 2512 1206 2576 metirentur:
1227 2521 1271 2588 quo

159 2638 231 2680 cum
252 2638 310 2682 suo
330 2618 473 2701 ipsarum
494 2638 613 2702 genere
633 2619 799 2703 quidlibet,
818 2618 1028 2703 quantumvis
1049 2617 1270 2682 diversarum

160 2726 304 2790 omnium
323 2726 513 2791 condicione
533 2730 646 2791 natum
665 2727 836 2809 factumve,
860 2724 1015 2809 conferre,
1035 2724 1118 2788 nihil
1136 2724 1195 2787 nisi
1212 2711 1269 2803 quel

159 2832 294 2896 eandem
318 2856 465 2898 normam
490 2837 686 2917 sequeretur,
709 2834 863 2917 tolerare,
885 2833 1002 2897 nedum
1028 2832 1179 2916 probare,
1200 2841 1268 2911 penes

160 2961 193 3002 se
222 2940 345 3004 scilicet
372 2941 509 3023 fontem,
543 2941 707 3024 exemplar
736 2945 769 3004 et
797 2940 1022 3004 auctoritatem
1052 2938 1158 3021 pulcri
1182 2932 1268 3000 rectio

160 3068 288 3109 omnem
317 3068 387 3110 esse
412 3047 546 3132 gloriari
570 3047 822 3111 consuevissent.
869 3046 938 3121 Quo
963 3046 997 3108 in
1022 3065 1141 3129 genere
1164 3035 1268 3124 insignis

159 3158 289 3235 praeter
312 3157 433 3218 ceteras
454 3155 559 3219 vicina
577 3155 671 3219 nobis
690 3175 770 3239 gens
784 3152 1072 3236 Francogallorum
1092 3153 1162 3234 fuit,
1185 3162 1270 3230 magns

136 3260 288 3343 'quidem
312 3260 346 3324 in
370 3280 486 3344 genere
510 3261 644 3344 pusillo:
674 3284 732 3326 uec
757 3260 854 3325 mirer
877 3260 904 3323 si
928 3260 983 3343 qui
1006 3260 1190 3323 etiamnunc
1209 3267 1270 3331 mag·

159 3389 235 3430 nam
259 3368 417 3433 dictitent.
450 3369 549 3453 Atqui
573 3368 657 3433 hauc
681 3390 792 3432 omnes
815 3389 900 3431 nuuc
923 3367 1133 3431 consentiunt
1155 3376 1269 3430 caussam

160 3474 274 3555 fuisse,
303 3499 359 3540 cur
386 3499 444 3540 nec
468 3477 536 3540 sine
561 3477 669 3567 studio
693 3482 817 3541 veteres
841 3479 967 3558 postea,
999 3472 1142 3539 Graecos
1166 3469 1271 3536 maxine

161 3579 256 3665 (quos
285 3584 373 3666 ipsos
402 3589 434 3647 et
462 3585 509 3647 illi
539 3606 611 3647 cum
641 3584 727 3648 solos
756 3605 826 3646 esse
854 3581 1031 3645 imitandos
1060 3584 1131 3645 tum
1156 3603 1186 3645 se
1207 3570 1271 3642 nini·

160 3711 231 3752 rum
261 3695 425 3756 assecutos
455 3713 525 3754 esse
554 3691 812 3773 arbitrabantur,
845 3693 878 3753 et
900 3710 958 3753 nos
984 3692 1135 3753 aeternos
1158 3676 1272 3752 humani·

160 3797 237 3859 tatis
266 3799 439 3882 magistros
469 3798 688 3883 veneramur),
720 3820 780 3862 nco
809 3797 876 3861 sine
900 3796 949 3859 ira
971 3796 1162 3860 recentioris
1185 3785 1272 3858 aaa

160 3904 323 3988 principes
346 3909 459 3986 poetas
483 3905 655 3968 aestimare
680 3904 838 3967 valerent:
862 3903 951 3966 cuius
976 3904 1023 3966 rei
1048 3896 1272 3967 luculentissimo

160 4012 350 4076 documento
381 4011 488 4092 poesis
517 4012 663 4075 scaenica
687 4010 918 4075 Britannorum
946 4013 1069 4094 exstat,
1102 4013 1135 4072 ct
1157 4000 1273 4071 diversis·

161 4121 243 4183 sima
271 4123 303 4181 et
331 4119 576 4201 perversissima
604 4119 722 4182 iudicia
750 4121 884 4201 experta
911 4118 1029 4202 diuque
1058 4119 1149 4183 miris
1180 4102 1273 4198 ingenii

161 4226 373 4290 semibarbari
408 4228 566 4309 portentis
605 4230 727 4290 scatere
761 4226 838 4290 visa.
894 4226 983 4310 Ergo
1019 4226 1126 4309 gratia
1156 4213 1274 4287 habenda

162 4356 272 4397 eorum
300 4333 443 4396 virorum
467 4334 722 4418 intellegentiae,
755 4333 827 4417 qui,
859 4331 961 4395 divini
985 4331 1110 4416 ingenii
1134 4318 1274 4395 Goeihiani

162 4440 432 4524 perspicacissimi
474 4440 680 4525 interpretes,
723 4443 871 4505 excutere
913 4460 973 4502 nos
1016 4439 1274 4523 praeiudicatumll
