2836 5034
141 285 206 348 402
429 296 689 346 rnonnoonnun
713 297 761 344 nn
785 295 999 345 sauromata

233 440 267 506 Si
290 441 346 526 qui
370 441 411 505 ad
434 462 507 505 aum
531 439 717 521 aduenient,
740 441 778 503 rit
802 437 866 504 sibi
888 438 1003 503 datum
1025 438 1095 503 e‘ssa
1116 441 1249 524 argentm

825 541 913 610 dicat

231 654 296 720 Pro
317 653 464 735 sidicino:
489 650 620 738 argenti
640 652 747 717 minas
770 673 805 716 se
827 651 950 717 habere
972 648 1204 738 quinquaginta

231 749 359 844 Quippe
388 761 448 844 ego
476 761 533 843 qui
557 758 793 823 nudiustertius
822 759 898 823 ιιιθιζι
923 757 1069 825 manitas
1093 758 1254 824 causata

55 895 141 936 onvn
229 867 293 932 Pro
316 866 375 929 illa
397 869 454 929 tua
477 865 590 944 amica,
612 863 707 947 qudm
723 869 816 948 poter
837 885 929 931 mam
949 864 1057 946 tiliam
1079 884 1138 931 cese
1156 865 1232 929 ras.

140 974 275 1040 Poenuli
305 976 414 1037 sutem
436 969 476 1054 V,
499 973 534 1049 4,
562 972 606 1037 90
633 993 700 1037 non
729 993 799 1038 esse
827 994 940 1038 sanam
967 971 1054 1038 hanc
1081 971 1256 1058 scripturam

728 1078 818 1144 salue
841 1075 1007 1163 insperate
1028 1079 1133 1163 nobis,

229 1187 343 1252 Pater:
366 1186 399 1250 te'
422 1184 593 1270 complecti
615 1187 676 1250 nos
701 1185 783 1250 sine:

140 1295 252 1379 colligi
279 1293 354 1357 hinc
382 1296 524 1378 poterat,
553 1291 676 1376 quod
666 1314 701 1356 ιιι
724 1290 882 1358 Palatinis
905 1313 971 1358 non
995 1295 1047 1357 est
1074 1294 1261 1379 ampodi,

141 1401 196 1467 sed
219 1399 395 1483 monostemi.
443 1397 536 1463 Vnde
559 1398 742 1464 certissima
764 1399 844 1464 haec
868 1402 918 1464 est
903 1398 1140 1466 tamendatio·

727 1506 817 1571 sslue
839 1496 1003 1591 insperate
1026 1506 1131 1592 nobis,

229 1614 392 1698 Pater,‘t
359 1616 392 1677 et
414 1612 587 1696 complecti
609 1613 669 1678 nos
693 1611 772 1678 aine

86 1792 89 1797 ι
140 1737 222 1803 Tam
242 1738 366 1802 incerta
385 1741 493 1803 autem
508 1735 600 1803 Cure.
614 1737 656 1822 V,
673 1738 705 1822 2,
724 1738 745 1803 5
764 1741 797 1803 et
814 1737 978 1823 scriptura
988 1742 1047 1804 est
1065 1743 1101 1805 st
1119 1742 1269 1825 sententia

139 1847 200 1911 tali
228 1846 375 1930 exemplo
403 1849 440 1911 ut
467 1847 623 1931 probetur
650 1846 745 1912 nihil:
773 1846 829 1912 ubi
857 1867 1055 1966 quamquam
1080 1868 1123 1912 na
1152 1846 1271 1913 Botbim

140 1952 270 2038 quidam
293 1953 513 2038 credipotest
541 1974 653 2018 verum
681 1975 752 2018 asse
781 1957 961 2037 assecutus,
988 1952 1044 2037 qui
1071 1952 1154 2020 haec
1179 1953 1283 2038 posuit.

140 2060 174 2122 in
207 2059 294 2124 exitu
326 2061 511 2143 septenarii:
538 2059 630 2143 pdtcr
661 2062 728 2127 cias
747 2056 886 2126 ‘rorata
916 2059 1007 2144 miti,
1040 2062 1153 2127 tamen
1185 2059 1272 2126 multo

139 2167 302 2251 ineptiora
330 2171 408 2230 sunt
435 2189 517 2251 quae
544 2167 732 2253 vulgantur:
759 2171 853 2250 pater
879 2171 950 2232 tata
977 2188 1111 2233 narsum
1135 2168 1202 2250 tibi,
1226 2187 1272 2252 pro

140 2295 203 2357 quo
231 2273 266 2336 in
292 2273 326 2338 B
354 2277 404 2338 est
425 2278 518 2355 poter
543 2274 645 2354 uois
667 2273 765 2354 risum
793 2273 856 2339 toi.
905 2272 956 2340 Ne
984 2295 1004 2339 a
1031 2274 1128 2339 libris
1158 2272 1273 2359 quiden

139 2380 207 2445 ulla
229 2379 308 2445 fides
330 2379 406 2445 huic
429 2379 636 2446 collocationi
659 2381 832 2447 verborum
862 2383 913 2447 est
939 2380 973 2444 in
996 2378 1091 2465 (lapt
1109 2379 1151 2465 V,
1179 2382 1216 2463 4,
1241 2378 1275 2445 a

140 2487 344 2572 &me

228 2595 328 2671 Quasi
352 2616 409 2678 per
431 2594 583 2658 nebulam
606 2592 787 2679 Hegionem
809 2586 936 2678 pistrem
960 2616 1067 2658 meum
1092 2595 1249 2660 uocirior:

227 2699 339 2784 Neque
354 2700 408 2765 ubi
424 2723 536 2765 amans
556 2700 744 2766 adule‘scans
764 2705 905 2766 scortum
924 2697 1043 2766 liberet
1060 2701 1148 2766 clam
1162 2692 1276 2786 pitren

778 2830 885 2873 suum:

137 2932 194 2996 ubi
217 2932 250 2995 id
273 2931 389 3014 ipsum,
413 2931 498 3015 quod
522 2932 667 3016 postulat
690 2933 774 2997 ratio
798 2936 832 2996 et
849 2932 963 3015 reponi
982 2935 1083 2998 etiam
1104 2934 1177 2998 aine
1196 2933 1279 2998 libris

137 3037 280 3120 iubebat,
302 3036 405 3101 Vetus
424 3042 579 3103 testatur:
602 3060 703 3103 aucuia
719 3043 845 3121 patron
864 3041 897 3103 et
913 3058 1005 3103 cauas
1024 3045 1160 3122 patrea
1195 3039 1280 3104 Deni-

137 3166 198 3228 que
222 3143 309 3208 Trin.
334 3144 399 3208 372
423 3167 488 3209 ιιοιι
512 3149 598 3209 recta
623 3145 669 3209 sic
692 3145 915 3210 dimetiuntur:

225 3250 274 3314 Εό
307 3255 399 3333 pater
435 3252 489 3334 pol
526 3272 587 3335 ego
621 3252 718 3316 istam
751 3252 827 3317 uolo
861 3274 912 3316 me
944 3253 1107 3319 rationem
1144 3256 1281 3322 edoceris

775 3359 880 3443 Licet,

136 3465 225 3527 cuius
249 3463 375 3528 numeri
399 3463 434 3528 hi
458 3464 524 3528 sint
546 3468 604 3548 pot
605 3465 669 3529 ius:

225 3567 274 3670 llo
298 3611 354 3688 pat
341 3608 390 3669 ter
413 3607 508 3689 pol
491 3628 551 3692 ego
575 3608 673 3671 istam
698 3608 774 3672 uolo
799 3630 849 3672 me
872 3629 895 3672 e
917 3630 946 3690 q.
968 3629 992 3675 s.

135 3728 252 3793 Haeo
244 3730 304 3813 1git
305 3752 344 3793 ur
362 3731 508 3814 exempla
526 3732 616 3795 nulla
635 3736 717 3795 sunt.
696 3730 878 3797 tIncerta
897 3733 962 3797 tria
979 3733 1093 3818 habos,
1112 3737 1163 3801 ita
1183 3745 1285 3804 antem

29 3858 126 3899 aovin
137 3840 323 3919 comparata
346 3836 487 3921 singula,
515 3840 552 3900 ut
575 3859 641 3902 non
664 3861 763 3902 unum
787 3840 974 3921 admittant,
1002 3841 1058 3904 sed
1082 3842 1199 3927 plures
1224 3838 1311 3911 cor-l

134 3943 260 4028 rigandi
288 3942 399 4007 modos
428 3944 525 4028 longe
552 3944 743 4009 facillimos:
771 3944 867 4010 Most.
890 3945 931 4029 Il,
958 3949 985 4030 l,
1009 3947 1049 4011 31
1089 3940 1311 4017 Trinummi·¹

135 4072 196 4134 quc
221 4050 285 4114 316
310 4054 342 4113 et
365 4050 443 4115 361:

223 4171 307 4248 Quid
336 4194 395 4258 ego
425 4175 543 4258 agam?
571 4178 664 4258 pater
694 4176 759 4240 iam
790 4174 843 4240 hic
874 4199 925 4241 me
955 4176 1099 4243 offendet
1130 4178 1288 4247 miserum

774 4282 949 4347 adueniens
973 4284 1111 4350 darium.

222 4383 272 4449 Ne
296 4386 355 4449 tibi
380 4388 624 4473 aegritudinem,
648 4391 751 4473 pater,
774 4390 918 4471 parerem
942 4391 1030 4474 parsi
1054 4392 1184 4460 sedulo.
