2886 5032
407 300 671 350 sunnaurours
695 301 904 350 ecsvmusn.
1162 285 1227 351 503

70 469 101 511 r.
125 446 209 511 954.
235 445 321 512 1054
344 444 399 527 [cf.
423 465 522 530 supra
545 466 575 528 p.
598 443 694 526 327]:

168 570 226 654 dn
248 588 304 654 ille
326 590 395 654 tam
419 591 506 654 osset
528 586 658 671 stultus,
682 587 738 672 qui
760 588 838 653 aiibi
860 589 948 653 mssle
970 611 1140 655 nummum
1163 591 1227 655 cre-

280 782 285 791 ,
935 697 1034 761 deret.

167 801 245 869 Hoc
272 797 331 889 qui
355 803 391 868 in
414 806 558 867 mentem
582 803 708 869 uenerit
729 802 821 883 ruiti,
854 805 888 868 re
913 805 1129 870 commonitus
1154 811 1226 870 siim

936 910 1040 977 modo.

66 1016 227 1095 Quorum
248 1015 413 1101 posterius
437 1017 581 1101 asperius
605 1021 654 1081 est
676 1018 799 1101 priore:
822 1041 898 1083 nam
921 1018 956 1083 in
979 1017 1041 1082 hoc
1063 1019 1126 1084 etsi
1149 1020 1228 1085 mibi

63 1147 135 1191 non
168 1127 285 1208 potest
311 1145 390 1188 sane
423 1145 487 1189 non
512 1123 667 1209 coniungi
690 1146 764 1189 cum
786 1125 853 1207 qui,
884 1124 970 1189 idem
993 1128 1102 1190 tamen
1126 1127 1225 1192 etiarn

63 1233 108 1299 ad
141 1231 356 1317 insequentia
385 1231 541 1316 pertinet:
577 1234 692 1296 contra
721 1232 755 1296 in
786 1231 889 1296 altero
920 1254 993 1296 cum
1024 1232 1104 1297 solis
1134 1254 1225 1316 prue-

62 1341 200 1429 gressis
229 1337 309 1404 mibi
335 1360 453 1404 nerum
482 1345 545 1426 est,
577 1339 690 1405 abeis
715 1355 797 1426 quae
821 1343 1001 1424 sequuntur
1023 1361 1156 1424 prorsus
1180 1340 1225 1404 di-

60 1451 252 1534 remptum.
296 1446 411 1533 Itaque
439 1446 525 1512 haud
556 1447 623 1513 scio
652 1469 694 1512 an
722 1470 786 1512 non
815 1447 896 1512 satis
920 1445 1118 1512 confidenter
1141 1447 1225 1512 hanc

61 1553 367 1639 transpositionem
391 1554 563 1619 verborum

160 1677 240 1744 Hoc
263 1677 319 1762 qui
343 1676 469 1742 uenerit
491 1677 536 1742 mi
559 1678 593 1742 in
617 1680 771 1762 mentem,
801 1680 834 1742 re
858 1700 883 1743 c.
907 1702 932 1743 s.
956 1701 996 1743 m.

63 1826 208 1888 tantum
239 1821 272 1885 in
303 1819 515 1885 annotatione
543 1817 752 1885 laudaverim.
794 1819 900 1905 Magis
922 1821 1037 1885 haeret
1059 1820 1098 1886 de
1122 1822 1224 1887 altero

60 1952 167 1995 versu
202 1925 379 1992 indicium:
415 1927 470 2013 qui
503 1927 564 1992 etsi
593 1927 764 1992 lenissima
790 1928 971 1991 mutatione
1000 1928 1040 1992 ad
1068 1927 1223 1993 usitatam

61 2035 333 2104 concinnitatem
357 2033 403 2099 sic
426 2037 609 2099 revocatur:

157 2160 217 2243 dn
241 2176 298 2242 ille
322 2180 388 2241 tem
414 2180 500 2242 esset
523 2175 657 2258 stultus,
680 2175 757 2239 ruiti
779 2177 834 2257 qui
856 2198 897 2239 m.
921 2199 950 2240 n.
975 2198 1010 2260 a,

60 2328 185 2390 tamen
220 2323 290 2384 tem
323 2318 405 2384 erile
438 2318 501 2385 hoc
531 2317 738 2402 potissimum
770 2316 848 2382 olibi
874 2340 1052 2402 pronomen
1082 2323 1144 2403 est,
1177 2326 1222 2405 ut,

61 2428 206 2497 en'amsi
229 2448 298 2491 non
322 2425 527 2490 scribendum
551 2424 596 2490 sit
618 2426 663 2488 mi
686 2428 761 2488 ante
785 2429 1025 2508 consonantem,
1048 2429 1158 2491 tamen
1182 2429 1221 2492 ad

62 2532 324 2617 monosyllabae
352 2531 626 2617 pronuntiationis
657 2529 865 2614 rapiditatem
893 2532 1038 2614 proxime
1067 2535 1221 2601 accedens

63 2643 118 2709 rix
143 2640 326 2729 quicquam
350 2639 519 2704 molestiae
544 2639 676 2704 auribus
701 2639 815 2703 afferre
839 2639 1032 2725 videatur.*)
1069 2640 1161 2716 Quod
1184 2645 1221 2706 ut

63 2750 214 2816 sentiam
239 2747 305 2811 alia
327 2767 379 2810 me
403 2746 523 2811 similia
546 2745 693 2828 exempla
716 2749 847 2809 mouent
871 2750 908 2809 ut
926 2746 1043 2810 Bacch.
1062 2748 1135 2812 505.
1155 2748 1219 2811 679

62 2857 158 2939 [537.
186 2855 283 2934 7161:

158 2960 253 3028 Cena
274 2962 377 3028 detur.
413 2959 487 3025 N6n
510 2959 619 3045 placet
640 2958 718 3023 mibi
742 2959 821 3023 cena
844 2980 925 3044 quae
950 2960 1046 3024 bilem
1071 2963 1190 3025 mouet.

161 3065 250 3143 Quid
280 3088 364 3132 nunc
387 3088 422 3130 es
445 3066 614 3130 facturus?
651 3065 683 3130 id
707 3066 785 3129 nribi
808 3064 886 3130 dice.
932 3065 1101 3131 Coctumst
1124 3069 1219 3151 prein-

927 3174 1025 3237 dium.

67 3282 197 3350 Verum
224 3285 352 3367 praetor
370 3280 452 3345 hanc
472 3280 546 3345 aliis
566 3280 828 3344 excusationibus
848 3281 954 3344 locum
975 3279 1107 3344 concedi
1126 3301 1217 3364 nego.

69 3389 174 3457 Valde
200 3388 342 3455 insolens
367 3391 418 3454 est
440 3411 468 3452 v.
483 3388 550 3451 935
573 3386 624 3451 his
648 3386 819 3450 verborum
845 3386 1011 3450 ordinibus
1036 3403 1080 3435 w
1095 3385 1100 3450 l
1115 3408 1133 3435 υ
1155 3386 1217 3450 dis·

73 3502 184 3580 pestus
210 3496 245 3560 in
268 3497 385 3580 quarto
408 3493 488 3577 pede
512 3492 657 3576 dactylus
667 3490 730 3575 **):

160 3637 225 3704 Sed
249 3637 306 3701 ubi
331 3634 532 3719 apsinthium
557 3635 595 3698 fit
618 3640 708 3717 atquc
730 3633 835 3698 ancuila
859 3632 1047 3717 gallinacea.

81 3779 287 3869 Quapropter,
306 3779 368 3843 etsi
388 3799 540 3864 graecum
560 3778 670 3857 κονίλη
689 3799 816 3859 nomen,
839 3779 877 3841 ut
890 3775 1047 3840 Nicandri
1067 3777 1367 3862 exemploicenxxrx

10 3970 30 3981 κ
81 3886 282 3974 intellegitur,
305 3885 463 3970 producta
484 3885 687 3968 paenultima
705 3883 826 3947 dictum
846 3888 905 3967 est,
930 3887 1038 3946 tamen
1057 3883 1141 3947 idem
1161 3884 1214 3946 vix

10 3986 14 3993 ¹
79 3993 196 4059 ridetur
226 3990 441 4057 dubitandum
472 4013 541 4056 esse
572 3991 650 4076 quin
680 3993 805 4054 mutate
836 3989 988 4072 prosodia
1016 3988 1049 4053 in
1077 3989 1213 4053 latinam

174 4169 201 4240 ἢ
227 4168 272 4241 [15
302 4166 346 4223 ed.
369 4166 418 4221 alt
448 4165 603 4236 simplicius
633 4165 721 4221 visum
746 4166 790 4219 est
813 4162 968 4219 Ritsohelio
992 4164 1054 4232 ipsa
1077 4162 1215 4231 scriptura

67 4258 325 4331 pronuntiationem
344 4256 507 4326 exaequari:
526 4256 560 4312 cl.
579 4255 653 4311 infra
671 4275 698 4326 p.
714 4256 787 4326 515]

158 4346 200 4417 ⁸⁹)
223 4344 277 4418 [Cf.
296 4344 384 4414 praef.
403 4343 463 4400 Mil.
482 4344 552 4415 glor.
572 4363 599 4414 p.
618 4358 695 4411 ml,
724 4344 827 4413 Opuso.
846 4342 914 4412 phil.
935 4343 960 4395 ll
981 4361 1007 4412 p.
1027 4348 1128 4409 dsslsq.
1149 4339 1212 4393 coll.

110 4442 166 4460 am
195 4440 243 4460 ane
257 4434 270 4460 1
