2836 5034
155 311 222 376 334
442 327 704 377 raotaaoaara
727 328 776 377 oa
799 327 1014 379 sarromvs

157 472 263 557 ampla
286 472 329 537 ab
347 471 477 539 Handio
499 475 630 557 prolata
652 473 794 540 breviter
815 495 1003 561 persequar.
1031 470 1078 538 Et
1094 471 1257 558 Persaeqri·

156 580 230 644 dem
251 579 308 663 IV,
331 582 367 663 4,
391 580 433 645 87
461 580 599 662 quidem
625 581 667 646 ab
691 580 910 647 Ambrosiano
933 580 1021 645 libro
1042 600 1170 663 prorsus
1187 581 1258 665 atat,
1306 664 1311 673 1

156 711 215 771 pro
245 687 399 772 contiguo
430 691 538 752 autem
570 687 693 753 miseret
722 691 848 773 septem
878 687 1062 752 litterarum
1093 687 1191 771 spatia
1211 694 1261 753 arnt

157 817 229 858 oum
253 812 297 859 ar
322 794 464 878 syllaba:
487 793 571 858 unde
594 795 642 859 sie
665 816 778 860 versas
801 793 1037 861 restituendus:

245 921 297 1001 lta
329 936 361 999 di
394 935 477 1000 bene
508 958 559 1000 me
592 939 714 1022 ament,
747 938 924 1023 sapienter:
956 939 1059 1022 atque
1089 958 1140 1003 me
1166 938 1263 1003 misertt

1010 1048 1131 1111 tamea

158 1185 261 1250 Stichi
285 1185 430 1269 11‚a‚5
457 1209 496 1251 ex
524 1187 637 1252 eodem
661 1187 744 1252 libro
768 1208 828 1271 pro
850 1187 988 1270 equidm
1011 1185 1220 1272 recipiendum
1234 1204 1267 1249 ar

156 1293 292 1374 paidom,
316 1292 440 1377 reliqua
463 1294 510 1359 sio
532 1293 804 1359 reconcinnanda:

245 1433 332 1499 Nam
355 1457 406 1499 me
430 1434 559 1520 quidem
583 1436 759 1501 miserebat
783 1438 911 1503 harum:
934 1420 1024 1523 ltrgo
1049 1437 1200 1502 auxilium
1218 1436 1270 1520 pri·

1009 1565 1087 1628 pere
1110 1544 1279 1609 latum

157 1684 265 1768 Atque
289 1684 388 1748 etiam
407 1683 464 1747 ubi
484 1684 560 1750 lieet
545 1686 713 1768 tequidem
732 1709 805 1751 oum
823 1687 930 1771 prima
946 1708 1089 1770 persona
1107 1690 1276 1765 construat

246 2038 299 2102 Me
327 2029 457 2122 quidem
486 2040 552 2105 iam
582 2045 634 2105 sat
661 2041 721 2105 tibi
750 2043 931 2125 spectatam
961 2042 1138 2108 oensa‘bam
1167 2062 1235 2106 esse

1011 2170 1103 2215 meos
1127 2150 1245 2213 nattes:

158 2288 212 2353 ubi
237 2291 328 2370 [aaa]
353 2291 543 2372 simonidem
565 2290 597 2354 A
631 2290 696 2374 (oui
729 2290 927 2374 reliquorum
960 2310 1089 2375 quoque
1122 2286 1271 2356 emendn'

157 2394 318 2481 debetur),
350 2398 475 2477 [amm
498 2398 635 2478 aquaem
659 2397 808 2462 Palatini.
856 2396 1044 2462 Aululariae
1068 2403 1184 2464 autem
1207 2398 1251 2478 ll,

161 2503 199 2566 18
224 2524 283 2566 neo
306 2504 428 2584 quidem
451 2525 510 2567 neo
534 2503 639 2568 solum
662 2503 799 2584 equidem
823 2502 930 2568 estin
953 2502 1062 2587 libris,
1097 2504 1156 2569 sed
1179 2528 1202 2590 p
1288 2570 1291 2577 ,

157 2631 268 2673 versus
297 2611 457 2675 rationem
486 2615 513 2674 te
540 2611 690 2691 equidono:
724 2609 779 2674 ubi
803 2632 867 2694 quo
892 2610 972 2674 vitio
995 2615 1035 2687 le,
1069 2611 1184 2676 eodem
1209 2613 1286 2676 etia!

157 2717 342 2799 proximum
364 2739 380 2781 e
403 2717 494 2781 illabi
518 2716 637 2799 potuit,
664 2716 750 2799 quod
779 2716 859 2781 adeo
883 2717 996 2782 abesse
1020 2717 1062 2780 ab
1088 2717 1166 2782 aliis
1190 2741 1207 2782 o

158 2825 218 2888 bus
241 2825 311 2907 ipse
335 2823 484 2888 Handius
509 2823 600 2888 dicit:

32 2994 157 3033 axxrrrr
247 2965 310 3031 Tu:
338 2965 428 3029 'ltine
452 2967 515 3031 ais:
545 2965 578 3030 Si
603 2968 703 3052 negas
727 2987 824 3052 nego:
853 2966 954 3031 Decet
977 2966 1107 3051 quidem
1135 2990 1214 3034 uera
1233 2964 1292 3053 pri·

1010 3074 1111 3158 loqui.

157 3216 185 3279 A
210 3221 314 3280 metro
337 3217 512 3300 trisyllaba
535 3217 643 3280 forma
665 3216 827 3300 respuitur
851 3216 949 3280 etiam
971 3215 1091 3281 Persae
1115 3216 1177 3302 lv,
1200 3218 1231 3297 3,
1252 3216 1296 3299 aa

158 3324 213 3386 ubi
243 3325 280 3386 e'o
305 3326 346 3404 [et
369 3326 402 3390 in
425 3323 514 3403 edit]
538 3323 661 3404 pta-idem
683 3324 785 3404 edepol
808 3322 960 3387 liberator
981 3322 1206 3390 scribendum:
1230 3326 1272 3390 ite

157 3430 241 3495 Men.
265 3430 305 3514 ΙΙ,
329 3433 358 3514 2,
382 3432 433 3496 35.
472 3430 530 3513 ΙΙΙ,
554 3430 584 3513 3,
608 3431 659 3494 27.
697 3429 779 3495 Rud.
802 3429 861 3514 ΙΙΙ,
885 3430 915 3512 5,
938 3431 995 3494 47:

269 3574 396 3637 Insanit
419 3573 471 3636 hic
495 3571 624 3656 quidem
649 3573 702 3654 qui
727 3570 796 3655 ipse
819 3569 985 3636 maledicit
1009 3572 1084 3637 sibi.

269 3680 310 3743 Di
335 3681 385 3743 me
409 3679 537 3763 quidem
562 3699 673 3742 omnes
698 3677 854 3741 adiuuant
877 3679 998 3761 augent
1021 3687 1148 3746 amant.
1307 3726 1311 3773 l

268 3786 357 3852 Haec
382 3777 508 3871 quidem
539 3784 707 3848 Palaestra
730 3787 812 3868 quae
835 3784 1003 3868 respondit
1024 3787 1091 3849 non
1118 3796 1238 3855 meast.

158 3928 364 4011 Asperrimos
398 3951 548 3992 numeros
582 3927 684 3991 eiecto
716 3927 852 4007 equidem
884 3926 1094 3993 Hermannus
1132 3932 1303 4017 perpolivit

160 4033 354 4098 Bacchidurn
378 4057 406 4098 v.
430 4035 495 4098 934
521 4034 628 4113 [974];

270 4175 507 4258 Quadrige‘ntos
545 4175 628 4238 filios
666 4174 777 4258 habet,
814 4178 911 4259 atque
948 4176 1057 4240 omnis
1084 4157 1206 4247 lectos
1242 4180 1303 4246 sine

1009 4284 1154 4367 probro:

160 4424 275 4509 quibus
295 4424 425 4505 quidem,
449 4446 513 4488 non
533 4425 677 4505 atriden,
702 4427 743 4490 ab
767 4426 942 4509 interprete
966 4426 1166 4512 ascriptum.
1198 4431 1309 4497 Pom·
