2886 5032
147 287 213 352 664
526 292 760 342 nnrsmrscua
784 291 913 339 anons.

149 441 411 512 universitatium
434 438 574 524 pristina
596 440 630 501 et
653 434 814 521 dignitate
838 438 872 500 ct
895 433 1094 501 auctoritate
1108 433 1260 499 Rectoratn

150 572 278 637 quoquc
302 545 478 613 academici
507 565 589 629 quae
619 541 699 608 olim
726 541 775 606 vis
800 544 833 606 et
855 545 1008 625 potestas
1031 541 1096 606 tuit
1120 560 1221 624 magna
1236 560 1261 602 cr

154 661 247 742 parte
278 653 427 720 exolevit
472 650 565 728 Quod
595 649 672 714 nolo
702 648 736 712 in
767 671 839 712 eam
870 654 1001 733 partem
1036 645 1263 733 interpretemini

152 762 246 849 quasi
270 760 309 824 de
333 759 391 824 illa
413 756 573 842 dignitate
594 756 768 840 quicquam
787 752 972 820 detractum
991 754 1179 838 existimem,
1197 772 1264 838 qmn

154 867 249 934 nobis
277 865 341 949 ipsi
374 888 528 950 paramus
555 887 573 929 e
597 863 716 929 nullius
742 862 878 929 arbitrio
906 884 1116 947 suspensam,
1138 862 1190 927 sed
1208 861 1265 944 ipsa

154 998 225 1040 rum
246 977 357 1037 tamen
372 971 632 1036 universitatium
651 968 770 1034 finibus
790 972 971 1034 coartatam
991 969 1090 1053 inque
1109 968 1266 1054 optimarum

155 1082 273 1147 artium
300 1079 495 1144 tractatione
523 1076 841 1160 adulescentiamque
869 1076 910 1141 ad
937 1075 1175 1142 humanitatem
1200 1072 1266 1139 intor-

160 1188 303 1252 matione
326 1185 565 1250 consistentem.
608 1182 730 1248 Verum
754 1205 836 1267 quae
865 1183 952 1248 ultra
978 1183 1040 1248 hos
1063 1183 1144 1248 fines
1166 1183 1268 1265 evagati
1298 1260 1302 1265 Ι

156 1292 234 1358 olim
263 1291 440 1357 auctoritas
469 1289 573 1374 viguit
600 1288 703 1355 multo
731 1290 829 1355 latius
859 1293 976 1374 patens
1007 1310 1112 1373 eoque
1142 1289 1206 1372 ipsa
1229 1283 1267 1349 ills

158 1399 266 1464 studia
288 1397 407 1461 mirum
435 1400 592 1479 quantum
621 1395 796 1460 sublevans
820 1400 855 1460 et
878 1396 1110 1478 corroborans,
1137 1415 1204 1459 eam
1221 1389 1269 1474 quir

157 1505 261 1569 nescit
284 1504 331 1568 ita
352 1523 438 1566 nunc
465 1501 674 1566 imminutam
702 1522 787 1585 esse,
814 1506 861 1580 ut,
884 1502 912 1566 si
935 1523 1009 1566 cum
1032 1501 1177 1586 priorum
1197 1499 1270 1583 splen·

159 1611 237 1677 dore
265 1608 467 1674 saeculorum
496 1607 691 1692 conferatur,
723 1629 825 1693 paene
858 1607 1026 1673 confracta
1059 1607 1184 1673 iaceat?
1218 1601 1271 1680 Qua

157 1740 224 1783 non
250 1713 414 1798 intellegit
442 1735 515 1778 cum
538 1714 736 1779 universis
763 1713 985 1778 universitatis
1018 1713 1270 1796 commodique

160 1823 286 1887 totius
304 1822 428 1905 patriae
447 1821 561 1907 salute,
584 1842 657 1885 cum
676 1822 820 1906 ipsarum
842 1820 1028 1885 litterarum
1050 1820 1147 1905 flore,
1167 1833 1271 1904 quaere

160 1932 425 1993 conservaturum
449 1929 787 2013 amplificaturumque
811 1950 849 1994 ex
872 1927 1076 2012 praescripto
1095 1925 1272 2013 promittite

162 2034 313 2118 spondet,
343 2033 492 2102 Rectoris
523 2058 641 2101 munus
672 2036 782 2120 aliquo
813 2057 889 2100 sane
919 2035 1063 2119 vinculo,
1091 2035 1147 2100 sed
1173 2055 1228 2099 non
1246 2048 1270 2092 eo

161 2141 330 2226 contineri,
353 2163 370 2206 e
395 2165 458 2227 quo
481 2143 515 2209 in
538 2143 613 2207 illas
636 2147 745 2227 partes
768 2141 857 2225 pleni
875 2141 963 2227 iique
980 2141 1157 2206 necessarii
1174 2140 1271 2214 fructur,

161 2269 226 2313 non
259 2247 388 2312 fortuiti
422 2253 455 2313 et
487 2249 659 2314 adventicii
690 2248 891 2314 redundent?
938 2248 1019 2325 Quis
1050 2269 1176 2313 summo
1204 2260 1271 2326 nup

161 2354 278 2420 stratui
309 2353 492 2419 academico
520 2353 698 2419 diffiteatur
726 2376 784 2440 pro
812 2354 1007 2419 anctoritate
1034 2353 1167 2420 honoris
1188 2351 1271 2417 decors

165 2461 322 2544 quaedam
354 2465 388 2524 et
417 2463 622 2544 ornamenta,
657 2482 716 2544 pro
751 2463 914 2544 potestate
945 2461 1104 2545 quaedam
1137 2459 1272 2526 simum·

161 2567 336 2651 potestatis
366 2565 481 2630 relicta
508 2588 579 2631 esse
603 2567 710 2650 specie
734 2567 1014 2652 magnificentiora
1036 2590 1136 2652 quam
1157 2563 1271 2652 graviora

162 2673 320 2738 veritate?
367 2670 465 2736 Cuius
493 2672 723 2738 vicissitudinis
752 2674 780 2737 si
808 2695 890 2758 quae
913 2688 1047 2739 caussae
1070 2675 1270 2756 fuerintque

163 2802 223 2864 que
253 2781 335 2845 ratio
364 2779 408 2843 sit
439 2779 645 2863 inquirimuS,
673 2780 734 2844 etsi
762 2784 944 2864 temporum
975 2782 1111 2847 decursu
1134 2782 1269 2852 mulorum

163 2909 240 2950 sane
269 2909 391 2970 rerum,
420 2909 500 2971 quas
530 2887 582 2950 hic
611 2909 760 2951 enarrare
789 2888 923 2971 longum
952 2892 1017 2973 est,
1042 2890 1218 2954 consociata
1233 2879 1269 2946 illi¹

162 2993 268 3076 quitas
301 2993 378 3057 illuc
410 2994 526 3077 valuit,
559 2997 667 3057 tamen
700 2995 746 3057 rei
781 3017 941 3059 summam
974 2998 1062 3059 recte
1096 2998 1228 3060 videmur
1247 3005 1269 3048 9⁰

162 3100 447 3183 comprehendere,
481 3101 566 3184 quod
600 3101 667 3164 sive
700 3101 828 3165 amissis
862 3103 929 3166 sive
962 3102 1103 3188 demptis
1128 3104 1270 3167 liberorum

163 3204 373 3288 collegiorum
397 3208 521 3271 iuribus
546 3211 578 3271 et
601 3207 782 3291 privilegiis
807 3208 1036 3272 universitates
1061 3208 1222 3293 paullatim
1239 3199 1270 3263 dt

163 3312 287 3375 aierunt
309 3313 376 3376 suis
396 3335 465 3378 sese
491 3314 617 3397 legibus
638 3313 827 3398 gubernare,
851 3314 1090 3398 administrare,
1113 3325 1272 3381 conservare

166 3417 296 3500 suisque
314 3421 423 3502 potius
448 3443 464 3485 e
487 3420 650 3484 radicibus
670 3443 768 3504 quam
788 3443 825 3484 ex
845 3420 969 3486 alienae
988 3422 1190 3488 auctoritatis
1207 3408 1272 3484 moll

164 3524 317 3589 beneficio
332 3526 427 3591 modo
442 3527 578 3591 arbitrio
593 3527 681 3591 floris
698 3528 747 3590 sui
762 3528 951 3610 roborisque
965 3528 1167 3594 incrementa
1183 3538 1272 3611 capere·
1306 3572 1309 3601 z

163 3631 239 3695 Non
263 3632 417 3697 essehoc
441 3632 599 3697 eiusmodi
623 3633 776 3716 fatemur,
803 3637 840 3698 ut
868 3634 961 3699 unice
990 3636 1041 3700 vel
1071 3636 1232 3702 dolendum
1247 3624 1272 3690 sit
1307 3676 1309 3715 ζ

164 3739 214 3801 vel
248 3740 473 3804 accusandum.
519 3738 605 3803 Nam
640 3740 667 3803 si
700 3741 842 3805 naturali
874 3741 1012 3825 quadam
1045 3745 1273 3810 necessitates

164 3865 248 3908 nunc
272 3866 341 3909 sors
366 3850 415 3910 est
439 3850 472 3909 et
495 3851 662 3930 tamquam
686 3848 736 3911 lex
760 3847 913 3912 divinitus
937 3850 1021 3914 scita
1048 3852 1230 3928 civitatium,
1246 3841 1272 3914 11
1307 3878 1309 3883 ·

164 3972 245 4033 quae
274 3951 352 4014 olim
380 3952 594 4037 singularium
623 3954 816 4019 societatum
848 3954 915 4018 sive
946 3977 1120 4039 corporum
1150 3978 1204 4020 suo
1228 3951 1273 4014 iud

165 4058 324 4122 utentium
348 4061 381 4121 et
404 4080 550 4122 seorsum
574 4059 819 4124 consistentium
844 4059 1020 4126 multitudo
1045 4065 1078 4125 et
1101 4048 1272 4125 varietastt

164 4164 245 4248 guit,
274 4166 307 4228 in
334 4187 433 4229 unam
458 4167 598 4230 civitatis
622 4167 881 4231 communionem
908 4172 1039 4252 recepta
1068 4175 1164 4254 atque
1189 4179 1273 4247 acque·

164 4271 221 4335 bili
241 4271 512 4335 administrationi
532 4273 678 4337 subiecta
697 4297 761 4338 uno
782 4277 814 4337 ct
833 4274 964 4339 sibimet
988 4277 1148 4341 constanti
1170 4265 1273 4355 imperio

164 4378 466 4461 comprehendatur,
495 4379 562 4442 sive
591 4381 621 4444 id
650 4402 749 4464 penes
778 4403 877 4445 unum
902 4385 951 4445 est
975 4383 1043 4447 sive
1067 4404 1164 4468 penes
1186 4379 1273 4464 ploret
