2886 5032
147 311 211 377 764
639 323 791 373 sunaus.

150 471 273 536 destius
289 468 493 554 superbiatis,
517 470 598 534 bene
613 490 772 533 memores
795 470 871 553 post
888 489 948 531 nos
968 490 1095 552 quoque
1114 470 1270 534 exstituros

147 578 217 662 qui,
247 580 369 661 quanto
392 598 452 641 nos
476 575 647 640 intervallo
674 575 764 658 illos,
791 578 885 639 tanto
909 580 1038 640 nosmet
1060 597 1144 659 pone
1166 575 1269 660 seipsi

147 685 340 769 relinquant.
386 682 507 748 Valete.

707 953 737 1017 9.

148 1095 310 1163 Schluss
343 1094 408 1159 des
440 1095 684 1180 Programms
713 1096 917 1181 ‘Disputatio
945 1097 984 1161 de
1008 1100 1175 1181 poetarum
1195 1095 1268 1160 testi-

207 1202 327 1268 moniis
351 1225 434 1285 quae
458 1207 533 1267 sunt
556 1203 591 1267 in
614 1203 684 1267 vita
706 1202 851 1268 Terentii
874 1202 1088 1269 Suetoniana'
1111 1202 1227 1290 (1859).

238 1344 484 1409 Percensuimus
508 1346 642 1429 quaein
662 1346 802 1410 medium
822 1347 951 1430 prolata
970 1350 1046 1411 sunt
1064 1346 1184 1411 omnia:
1204 1343 1270 1408 satis

148 1453 253 1517 facere
283 1451 364 1516 nihil
398 1452 626 1518 intelleximus.
672 1453 777 1518 Multa
808 1453 983 1519 identidem
1020 1451 1271 1519 comminiscendo

149 1561 400 1627 coniectavimus
424 1563 501 1645 ipsi:
525 1585 590 1627 non
613 1584 717 1647 pauca
740 1562 880 1626 consulti
905 1561 943 1625 de
967 1561 1029 1626 hac
1054 1561 1171 1647 ἀπορίᾳ
1192 1558 1272 1626 amici

151 1670 319 1735 uobiscum
349 1669 644 1734 communicarunt:
680 1668 833 1754 opinandi
857 1668 1107 1753 ambiguitatem
1131 1666 1211 1753 quod
1231 1689 1272 1730 au·

151 1780 286 1861 peraret,
309 1778 476 1841 inventum
500 1780 551 1841 est
572 1776 663 1840 nihil.
699 1776 784 1840 Fieri
808 1781 916 1862 potest
940 1799 1018 1842 sane
1041 1781 1079 1841 ut
1101 1773 1273 1859 siveValgii

151 1884 219 1948 sive
237 1884 336 1948 'alius
369 1883 536 1948 cuiusdam
569 1884 651 1948 liber
683 1883 768 1971 (sive
800 1884 922 1948 finitius
951 1883 1131 1949 ‘libellum’
1158 1879 1274 1966 dixeris)

151 1991 313 2056 exstiterit
332 1990 456 2056 ‘Actio’
476 1992 660 2076 inscriptus,
683 2014 746 2077 quo
770 1990 824 2055 ille
844 1994 989 2055 veterum
1012 1995 1181 2075 poetarum
1203 1989 1275 2054 furta

149 2100 200 2162 vel
228 2097 338 2163 nescio
367 2119 446 2182 quas
475 2099 553 2163 alias
581 2100 693 2182 culpas
718 2099 898 2183 exagitaret
920 2098 982 2163 hac
1006 2099 1112 2163 forma
1135 2121 1220 2181 usus,
1248 2099 1276 2157 ut

148 2210 316 2290 tamquam
353 2209 522 2270 accusator
558 2206 701 2290 prodiret
737 2206 961 2290 actionemque
999 2206 1063 2271 reis
1100 2205 1276 2270 intenderet:

150 2336 232 2398 quae
254 2312 318 2376 nisi
342 2312 483 2376 fallimur
503 2311 664 2398 Sohopeni
688 2313 849 2377 sententia
867 2312 939 2395 fuit,
963 2311 1205 2397 simplicissima
1225 2309 1276 2373 for-

151 2424 237 2485 tasse
267 2420 419 2485 omnium.
467 2418 528 2483 Sed
558 2442 629 2484 cunr
659 2421 769 2505 aliqua
791 2423 902 2485 tamen
926 2418 1123 2484 confidentia
1147 2420 1214 2504 quis
1235 2416 1277 2480 vel

150 2527 249 2592 talem
272 2526 492 2592 coniecturam
516 2527 668 2611 amplecti
692 2528 792 2611 ausit,
820 2526 974 2612 quamdiu
1003 2549 1067 2591 uon
1098 2527 1204 2611 aliquo
1226 2524 1277 2588 sal·

149 2639 216 2699 tem
249 2636 384 2700 certiore
416 2634 625 2699 fundamento
657 2635 781 2701 nitatur
811 2635 863 2699 vel
894 2633 1024 2699 aliunde
1054 2635 1157 2717 petito
1187 2635 1278 2697 firma·

151 2746 260 2806 mento
294 2741 402 2824 aliquo
437 2743 644 2807 stabiliatur?
695 2741 807 2826 ltaque
837 2742 901 2806 nisi
932 2741 1007 2826 quid
1042 2742 1125 2805 forte
1158 2738 1279 2805 feliciori

152 2848 291 2913 aliorum
315 2850 487 2933 sagacitati
511 2851 629 2915 rectius
654 2849 859 2931 successerit,
883 2871 967 2913 novo
991 2848 1054 2913 hoc
1077 2850 1223 2932 exemplo
1243 2846 1279 2909 di-

152 2955 233 3019 scite
257 2978 326 3019 esse
350 2957 447 3020 etiam
472 2956 634 3019 nesciendi
659 2960 760 3019 artem
785 2955 956 3039 quandam,
980 2977 1077 3038 quam
1102 2953 1280 3020 meministis

151 3062 364 3126 saluberrimo
398 3063 530 3126 consilio
565 3061 788 3126 commendare
821 3059 1041 3125 Godofredum
1072 3062 1280 3127 Hermannum

151 3168 292 3250 solitum,
315 3167 534 3232 fecundissimi
557 3170 590 3232 in
613 3167 806 3232 inveniendo
831 3190 906 3232 vero
930 3169 1053 3253 ingenii
1078 3170 1192 3234 virum.
1235 3167 1280 3233 Oe

151 3281 256 3340 terum
285 3275 390 3338 valeto
414 3274 596 3359 oblat'uquc
621 3274 786 3338 doctrinae
811 3274 912 3358 copiis
937 3275 1181 3360 studiorumque
1204 3275 1280 3340 adiu-

153 3382 270 3446 mentis
307 3382 353 3445 ita
390 3382 519 3446 utimini
558 3386 594 3445 ut
631 3381 772 3445 discendi
810 3382 970 3445 industria
1003 3387 1101 3466 atque
1140 3385 1280 3469 religione

152 3492 258 3552 vestra
281 3492 424 3553 nostram
449 3489 582 3554 docendi
608 3489 807 3553 voluntatem
833 3488 992 3573 fidemque
1017 3493 1209 3574 exaequetis

702 3828 751 3891 10.

163 3969 339 4035 Vorwort
370 3994 412 4034 zu
446 3971 511 4034 der
534 3970 838 4055 Verkiindigung
871 3970 935 4033 der
964 3969 1265 4056 Preisaufgabeu

552 4078 590 4141 in
614 4077 773 4161 Leipzig
800 4078 893 4141 1875.

240 4221 428 4286 Certamina
450 4221 641 4284 eruditionis
669 4220 709 4284 ab
734 4220 901 4284 academia
924 4219 1085 4302 Lipsiensi
1109 4221 1204 4284 indici
1227 4236 1278 4281 non

151 4326 264 4408 solent,
288 4327 366 4409 quin
385 4328 604 4410 professorum
624 4326 742 4409 aliquis
762 4328 831 4410 ipsc
851 4326 1091 4409 quodammodo
1110 4328 1143 4389 in
1164 4343 1278 4389 arenam

151 4432 337 4516 descendat,
365 4433 609 4517 studiorumque
640 4455 771 4497 suorum
800 4432 962 4517 specimen
985 4433 1150 4497 communi
1174 4451 1278 4507 corum,
