2836 5034
172 340 237 404 342
461 353 723 405 Pnouuaouuuu
743 355 792 402 nn
815 354 1029 405 nurrournvs

172 522 241 565 sese
265 521 377 564 versus
401 500 548 583 excipere
573 499 727 564 statueris
750 498 839 564 Haec
859 503 943 578 nont,
965 499 996 565 si
1011 502 1089 565 recte
1104 520 1151 565 aar
1160 521 1259 583 pauore

170 609 256 688 facto
285 611 374 671 suut:
411 606 480 689 Epo
509 627 558 670 me
585 606 691 685 facisse
719 606 862 689 confiteor
887 629 942 671 -ι
979 605 1061 671 haec
1083 605 1175 691 igitur
1191 610 1261 674 ouuir

173 736 244 778 cum
272 713 320 777 ita
349 713 429 796 sint,
462 734 660 797 consequens
691 734 760 777 esse
789 711 881 778 video
910 717 948 777 ut
976 711 1158 781 aLcmano
1178 720 1262 800 ampo

173 820 364 904 pronomine
401 819 537 884 relativo
575 823 608 883 et
643 818 763 884 rationi
796 823 828 883 et
860 819 1075 886 concinnitati
1110 821 1153 888 sio
1180 821 1263 887 deum

173 927 326 992 satisfiat:

307 1070 397 1135 Haec
421 1072 506 1152 sunt,
530 1068 557 1133 si
580 1072 667 1134 recto
691 1089 747 1133 sau
770 1090 924 1153 peruorso
946 1069 1143 1156 factasunt,

307 1176 397 1252 Quae
420 1196 481 1260 ego
504 1197 555 1240 me
578 1174 693 1240 fecisse
717 1175 881 1261 confiteor,
904 1174 1176 1265 Megaronidasf)

262 1319 403 1384 Tantum
436 1319 474 1383 de
504 1318 566 1382 his.
612 1319 664 1383 Ad
694 1339 767 1383 eum
797 1322 915 1412 autem*
937 1319 1046 1384 locum
1076 1322 1272 1405 grammatica

173 1427 228 1511 qui
252 1431 303 1492 est
326 1427 365 1491 de
388 1425 556 1511 analogia,
589 1425 670 1491 haec
698 1426 862 1509 pertinent
885 1447 968 1510 quae
990 1424 1079 1491 infra
1101 1428 1199 1510 posui.
1232 1424 1275 1493 Pri

174 1555 262 1598 mum
295 1533 437 1597 omnium
470 1533 518 1597 tis
545 1532 714 1618 genetivus
742 1554 801 1616 pro
834 1534 881 1597 dui
909 1533 1078 1616 praeclaro
1107 1532 1243 1600 Ambro'

172 1640 361 1706 testimonio
385 1643 532 1704 servatus
556 1663 585 1702 v.
600 1639 674 1704 343.
707 1636 779 1714 Qua
801 1638 907 1703 forma
930 1640 992 1705 etsi
1014 1663 1083 1706 non
1106 1641 1214 1707 dubito
1233 1638 1272 1727 q‘'

173 1747 276 1811 multo
301 1746 429 1829 saepius
452 1750 551 1830 poeta
569 1768 646 1810 usus
665 1746 716 1829 sit,
738 1749 850 1810 tamen
869 1746 1058 1813 coniectura
1076 1770 1148 1814 earn
1167 1770 1221 1813 rer

173 1854 225 1918 vix
250 1875 404 1938 umquam
427 1853 548 1936 licebit,
572 1852 740 1937 quoniam,
778 1853 806 1917 si
829 1875 848 1917 a
870 1853 983 1938 paucis
1007 1855 1168 1941 exemplis
1190 1861 1226 1921 ut

173 1960 229 2043 IV,
253 1962 283 2038 2,
297 1961 341 2024 42
364 1961 544 2036 recesseris,
569 1959 610 2024 ad
632 1965 773 2024 metrum
796 1959 879 2024 nihil
902 1960 1039 2026 interest
1062 1963 1103 2028 tis
1124 1962 1248 2049 legatur
1275 1964 1278 1969 ’

174 2069 228 2143 tui,
253 2066 338 2149 quod
361 2068 469 2152 ipsum
494 2072 526 2131 et
549 2067 749 2152 bisyllabum
773 2089 843 2132 esse
867 2070 900 2132 et
918 2068 1186 2153 monosyllabum
1204 2093 1242 2155 po

173 2211 215 2220 -
239 2173 288 2240 De
312 2175 484 2240 masculini
507 2175 636 2260 generis
659 2174 845 2240 nominibus
868 2173 1013 2241 dubitari
1040 2176 1140 2261 solet,
1168 2199 1207 2243 ac

173 2281 233 2345 tivi
260 2282 295 2345 in
323 2289 361 2345 ai
388 2282 631 2347 distractionem
655 2304 733 2346 num
757 2281 880 2365 pariter
902 2284 1001 2367 atquo
1024 2281 1187 2348 feminina

174 2393 255 2453 tant.
314 2387 418 2454 Litem
451 2384 576 2454 dirimit
605 2389 722 2453 talium
752 2388 914 2454 evidentia
942 2389 1054 2474 qualia
1084 2396 1166 2456 sunt
1194 2413 1222 2456 v.

174 2495 362 2561 Charmidai
384 2497 458 2577 filio,
481 2521 509 2561 v.
527 2499 611 2562 1183
636 2496 781 2563 Callinici
802 2494 932 2580 βψ),
955 2517 1019 2580 quo
1042 2497 1094 2561 vel
1121 2498 1258 2584 vestigia

174 2604 305 2665 brorum
331 2603 465 2665 ducunt:
489 2626 565 2666 nam
588 2608 645 2667 aut
669 2620 843 2668 CHARMIDI
868 2608 924 2667 aut
948 2619 1131 2669 CHARMIDE
1158 2612 1209 2670 cst
1229 2607 1260 2671 in

173 2711 287 2773 colliclc‘
305 2709 337 2773 in
352 2708 455 2774 ΒΘΗ.
490 2707 613 2783 Quibus
632 2709 665 2771 in
685 2731 839 2792 praesens
861 2730 957 2772 unum
980 2713 1112 2774 tantum
1139 2712 1263 2797 exempl

174 2817 289 2881 addam
314 2838 351 2878 ex
375 2814 503 2896 Epidici
527 2815 674 2878 versibus
697 2814 740 2897 ll,
763 2816 793 2896 2,
808 2814 850 2878 59
862 2835 929 2898 sqq.
953 2816 1194 2884 turbatissimis
1217 2814 1299 2905 vulgq'

176 2923 221 2986 sic
245 2927 352 2986 autem
377 2922 585 2986 Ambrosiam
609 2921 727 2985 codicis
751 2922 871 2986 auxilio
895 2922 1256 3013 reconcinnandis***):

36 3085 173 3125 uxxxxn
264 3064 380 3140 ‘Quam
404 3065 500 3129 facile
526 3069 558 3129 et
581 3087 676 3148 quam
701 3064 866 3130 fortunate
889 3062 944 3128 illi
967 3067 1085 3150 euenit,
1111 3069 1257 3152 obsecro,

263 3171 391 3235 Mulieri
415 3195 510 3256 quam
534 3172 673 3236 liberare
699 3173 767 3235 uolt
790 3177 929 3237 amator:
953 3171 1105 3257 quisnam
1131 3177 1161 3240 is
1185 3176 1269 3242 est?’

263 3278 375 3363 lnquit
398 3280 500 3343 alteru
522 3279 585 3343 illi.
624 3281 669 3342 ibi
693 3281 750 3343 illa
773 3280 920 3344 nominat
944 3277 1228 3365 Strathippoolem

262 3386 456 3470 Periphanai
478 3384 592 3449 filium.
609 3385 775 3449 -Hercle
793 3386 888 3469 perii:
912 3385 989 3469 quid
1008 3407 1069 3471 ego
1090 3411 1131 3453 ex
1151 3395 1186 3455 te
1206 3390 1274 3455 andi

172 3531 237 3593 Vbi
263 3530 412 3594 similiter
437 3547 601 3593 PERIFANI
627 3530 784 3612 scripturn
809 3530 841 3592 in
866 3529 906 3592 Α.
926 3565 961 3572 -
980 3528 1031 3591 Ad
1055 3530 1175 3597 eadem
1201 3557 1252 3598 rua

173 3637 241 3701 liuu.
270 3638 401 3701 nomina
433 3640 559 3721 spectat
589 3635 676 3718 quod
707 3658 734 3698 v.
758 3636 823 3700 928
855 3657 920 3700 non
948 3635 1097 3700 dubitavi
1122 3639 1266 3706 illudam
1297 3716 1299 3741 Ι

262 3812 286 3881 *)
307 3814 350 3883 [ln
370 3814 411 3866 sd.
432 3812 479 3867 alt.
500 3810 670 3865 Ritsohelius
689 3810 799 3865 reiectio
818 3828 889 3879 quae
909 3829 972 3865 cum
991 3810 1139 3881 Parergon
1159 3835 1184 3885 p.
1196 3825 1246 3871 515
1263 3828 1299 3871 nu

173 3901 225 3954 hoc
245 3901 306 3954 loco
325 3904 509 3970 proposuerat
527 3919 590 3954 curn
611 3901 730 3970 Rergkio
750 3900 828 3955 Ceus.
848 3919 874 3969 p.
895 3907 964 3956 1136
983 3900 1177 3971 interpunxit:

244 4008 320 4061 Haec
339 4008 415 4060 sunt:
436 4006 459 4059 si
478 4012 553 4060 ructo
573 4010 622 4061 seu
641 4024 772 4077 peruerse
793 4007 867 4061 l'r'rctu
884 4007 957 4073 sunt,
970 4007 981 4075 fl
995 4006 1055 4076 Ego
1069 4011 1118 4063 ma'
1139 4011 1159 4066 f.
1179 4029 1204 4067 c.
1219 4013 1253 4066 ll.

173 4115 207 4167 do
237 4130 291 4181 qua
318 4114 380 4183 ipsa
407 4113 630 4182 interpunctione
658 4114 686 4166 in
715 4113 884 4168 contrariam
907 4114 1017 4183 partem
1041 4116 1134 4171 sonuit
1158 4121 1248 4190 praei.
1265 4117 1299 4172 llil

172 4205 242 4273 glor.
262 4222 287 4273 p.
308 4204 385 4274 xxn]

244 4294 286 4359 **)
306 4291 467 4361 [Calliclatis
486 4309 548 4345 cum
569 4292 689 4362 Bergkio
710 4294 878 4349 Ritscbelius
897 4293 975 4348 dedit
992 4292 1023 4349 in
1043 4295 1089 4350 ed.
1111 4297 1175 4369 alt..
1195 4299 1299 4355 ubisit

174 4378 404 4450 annotationem]

226 4470 282 4540 ***)
303 4469 356 4541 [Cl.
378 4469 478 4538 Opuoc.
498 4469 566 4539 pbil.
588 4470 612 4523 Il
631 4489 657 4541 p.
678 4473 751 4543 250]
