2886 5032
162 307 227 371 642
541 321 776 370 nsrnrurecua
800 322 927 371 asnar.

163 465 331 531 teneteinii
358 484 549 549 generosam
578 464 822 548 simplicitatem
851 465 1026 550 aggrediar
1049 488 1070 530 a
1093 465 1272 531 simulationis

162 592 329 654 vanaeque
352 570 526 636 iactantiae
549 570 717 636 levissima
735 571 917 655 suspitione
936 572 1089 657 alienam,
1103 595 1207 638 vercor
1221 594 1273 637 saue

162 700 203 743 ne
228 699 333 744 sermo
357 700 448 742 meus
477 700 542 743 non
570 681 699 742 tantum
721 663 923 761 improbetur
947 679 1005 745 sed
1029 679 1146 745 merito
1166 684 1273 746 conten

162 791 268 851 natur.
301 782 486 870 Cognatum
505 807 579 849 cum
597 784 660 848 hoc
679 783 767 848 aliud
791 788 842 848 est
864 805 967 869 genus
992 807 1114 870 eorum,
1137 787 1196 871 qui,
1215 784 1273 870 quot

163 891 257 955 unius
281 892 417 956 alicuius
441 889 630 974 disciplinae
653 891 815 957 suavitate
839 891 960 957 artisve
984 891 1153 959 dulcedine
1174 893 1274 958 mirifice

163 998 272 1060 allecti
305 999 340 1061 in
372 998 429 1062 illa
459 998 522 1062 toti
553 1002 661 1062 essent
690 1002 723 1062 et
752 999 845 1081 quasi
875 999 1079 1084 habitarent,
1112 1000 1236 1065 studium
1252 1003 1274 1062 et

162 1126 294 1187 operam
319 1104 359 1169 ad
383 1105 473 1170 illam
493 1104 669 1190 colendam,
691 1104 948 1189 sustentandam,
971 1109 1217 1190 promovendam
1231 1127 1274 1171 on
1311 1180 1313 1187 Ι

162 1231 236 1273 nem
261 1212 475 1275 contulerunt.
522 1210 605 1288 Quid
629 1215 740 1276 autem
762 1212 893 1296 mirum,
918 1214 953 1276 in
976 1235 1016 1277 ea
1038 1235 1073 1278 re
1097 1236 1222 1299 operam
1238 1234 1274 1276 cn·

163 1339 296 1402 remque
319 1322 352 1381 te
376 1339 564 1383 consumere
588 1340 654 1383 uon
676 1317 881 1402 mediocrem,
904 1341 1002 1403 quam
1026 1321 1156 1405 quidem
1175 1322 1205 1386 in
1221 1318 1273 1384 deli·
1310 1338 1313 1363 ³

162 1425 221 1488 ciis
258 1424 393 1508 habeas,
430 1425 471 1488 ad
508 1447 605 1509 quam
641 1426 742 1491 insita
778 1431 914 1491 naturae
947 1427 1118 1511 voluptate
1153 1425 1274 1494 trabae?

162 1528 285 1596 Contra
309 1530 385 1615 quid
408 1530 622 1615 laudabilius,
643 1554 756 1617 quarn,
785 1554 923 1617 quorum
945 1532 1015 1616 ipse
1038 1556 1106 1599 non
1129 1538 1173 1601 sis
1194 1555 1274 1601 amau·

160 1636 317 1719 tissimus,
340 1659 378 1701 ea
401 1659 539 1722 quoque,
562 1638 646 1723 quod
671 1638 834 1722 salutarie,
858 1640 943 1724 quod
968 1641 1109 1707 honesta
1127 1666 1194 1708 esse
1210 1640 1274 1707 iutel-

161 1743 291 1826 lexeris,
322 1748 356 1806 te
386 1743 537 1828 amplecti
567 1749 723 1830 tantaque
753 1749 786 1810 et
814 1745 1012 1813 liberalitate
1040 1753 1074 1813 et
1103 1748 1274 1834 providentia

161 1848 323 1933 adiuvare,
345 1851 438 1933 quasi
461 1851 496 1915 in
520 1851 636 1917 intimo
656 1854 729 1918 sinu
747 1853 881 1919 foveas?
903 1877 987 1939 quae
1004 1856 1109 1922 virtus
1129 1880 1198 1923 cum
1214 1858 1274 1921 inter

161 1956 344 2021 rarissimas
369 1958 413 2022 sit
435 1958 636 2043 mortalium,
660 1964 730 2025 tum
754 1983 829 2025 vere
852 1961 943 2045 regia
965 1962 1036 2027 iure
1059 1964 1183 2048 optimo
1204 1961 1273 2027 habe

159 2068 214 2128 tur
243 2068 371 2147 praeter
400 2068 532 2130 ceteras.
577 2065 687 2150 Atque
715 2066 777 2132 hac
800 2068 919 2133 virtute
943 2068 1015 2152 quis
1038 2069 1170 2153 ignorat
1191 2070 1273 2134 Alter·

161 2171 323 2256 steinium,
346 2193 541 2256 quamquam
565 2172 830 2257 elegantissimae
854 2174 1152 2261 subtilissimasque
1170 2200 1206 2241 ao
1221 2193 1272 2239 sero

159 2278 258 2343 etiam
296 2278 477 2343 uberrimae
515 2280 705 2345 eruditionis
733 2279 864 2363 Virum,
900 2285 968 2346 tarn
1004 2282 1106 2347 fuisse
1143 2285 1272 2369 insignem

159 2408 256 2470 quam
276 2409 295 2451 a
314 2408 433 2471 pravae
456 2386 621 2452 doctrinae
644 2386 739 2451 laude
764 2386 943 2451 affectanda
966 2387 1133 2454 alienum?
1156 2388 1272 2471 Denique

157 2497 289 2558 nostrae
317 2493 524 2576 potissimum
552 2493 668 2559 aetatis
692 2493 881 2558 memoriam
910 2493 1111 2579 cogitatione
1143 2489 1273 2580 repetenti

158 2599 238 2664 mihi
266 2601 406 2666 occurrit
433 2600 566 2664 tertium
595 2599 757 2683 quoddam
784 2599 918 2666 illorum
940 2621 1058 2686 genus,
1091 2604 1148 2688 qui
1170 2610 1200 2669 et
1221 2596 1272 2668 rani

158 2707 338 2789 splendoris
372 2712 405 2771 et
438 2705 632 2770 ambitiosae
670 2706 861 2771 eruditionis
898 2708 1154 2774 ostentationem
1189 2702 1269 2795 proed

157 2814 324 2897 habentes,
346 2813 496 2897 publicae
516 2815 616 2877 saluti
634 2815 726 2878 unice
746 2815 987 2898 prospicientes,
1011 2816 1163 2900 quicquid
1182 2818 1269 2882 artium

156 2919 403 3005 litterarumque
436 2919 479 2984 ad
506 2920 740 3003 comparandas
769 2921 855 2986 vitae
883 2920 1079 2985 cottidianae
1113 2926 1180 2988 sive
1210 2940 1268 2987 cou-

84 3045 142 3084 vnr
157 3026 329 3090 moditates
354 3027 421 3091 sive
445 3027 665 3109 necessitates,
689 3028 839 3112 quicquid
863 3028 1023 3111 pertinere
1049 3028 1089 3092 ad
1115 3041 1267 3095 communes

154 3133 350 3215 reipublicae
384 3134 544 3199 utilitates
577 3134 739 3217 rideatur,
772 3139 900 3198 tantum
934 3134 1079 3199 studiose
1113 3134 1268 3220 suscipiant

156 3238 294 3320 benigne
323 3238 457 3303 foveant
485 3242 637 3324 alantque
665 3241 858 3324 impensiore
888 3263 972 3305 cura.
1019 3240 1164 3310 Quorum
1186 3243 1231 3308 alii
1247 3238 1266 3299 iu

156 3367 193 3408 eo
218 3346 335 3409 artium
359 3347 603 3431 litterarumque
627 3348 769 3411 fructum
793 3370 922 3412 omnem
946 3370 1105 3431 reponere
1125 3353 1228 3427 solent,
1245 3342 1267 3403 ut

155 3452 273 3515 civium
301 3454 444 3538 adeoque
472 3455 615 3539 ipsarum
646 3454 828 3519 civitatium
852 3456 1002 3519 fortunae
1026 3456 1219 3538 opificiorum
1237 3451 1266 3513 il·

154 3559 278 3624 dustria
298 3562 498 3644 adiuventur,
521 3582 674 3645 agrorum
694 3563 820 3627 cultura
839 3562 1070 3646 provehantur,
1094 3564 1264 3629 inventorum

155 3667 299 3732 sollertia
318 3673 506 3753 augeantur,
531 3670 796 3733 commerciorum
815 3670 1085 3754 negotiorumque
1105 3694 1164 3735 usu
1182 3659 1264 3749 ampli·

153 3775 296 3840 ficentur.
329 3777 382 3841 Ab
407 3778 469 3840 alia
493 3781 584 3860 parte
608 3776 834 3841 commendare
858 3778 1039 3840 doctrinam
1064 3800 1119 3842 eos
1142 3776 1265 3842 audinus

153 3883 207 3965 qui
230 3906 295 3948 non
318 3883 428 3966 paullo
449 3884 553 3967 magis
573 3905 686 3966 sapere
706 3884 768 3947 sibi
788 3883 849 3947 visi
870 3883 1000 3965 publica
1019 3883 1197 3949 litterarum
1212 3891 1264 3944 eun

154 3989 300 4071 publicos
321 3990 462 4053 civitatis
483 3990 647 4052 ministros
668 3989 857 4072 futurosque
877 3990 1092 4072 magistratus
1112 3983 1263 4057 formando

154 4096 406 4181 erudiendosque
440 4097 501 4161 sihi
535 4100 767 4179 persuaserunt
796 4101 829 4159 et
858 4096 909 4159 his
940 4097 1148 4178 potissimum
1175 4092 1261 4161 finibus

153 4205 271 4267 artium
294 4209 327 4268 et
351 4204 594 4286 disciplinarum
618 4226 690 4268 cum
715 4203 885 4268 commoda
909 4204 1089 4269 metiuntur
1111 4211 1177 4269 tum
1197 4189 1261 4266 insti·

153 4310 311 4374 tutionem
341 4310 617 4374 circumscribunt
663 4309 782 4384 Quales
812 4309 971 4373 utilitates
996 4332 1070 4375 eum
1093 4330 1213 4397 prorsus
1229 4316 1260 4362 re

153 4416 319 4480 curntlarias
344 4417 480 4481 dicimus
505 4421 537 4480 ct
560 4421 727 4500 tamquam
753 4416 965 4500 adventiciae,
995 4441 1062 4483 non
1086 4434 1217 4484 veremur
1233 4418 1259 4467 1¹¹¹
