2836 5034
141 316 207 382 286
429 332 691 382 saoeaoouara
714 333 761 381 na
784 331 999 382 marosmvs

142 477 193 541 vel
223 477 278 561 qui
301 475 473 542 dissentiat
496 478 537 542 ab
561 477 629 543 eius
652 477 833 542 rationibus
857 478 1009 544 accurate
1032 496 1087 541 eas
1113 498 1153 560 oq

83 570 94 589 ”
143 586 300 668 oporteat.
352 583 476 649 Eorum
514 588 623 650 autern
661 606 742 669 quae
774 585 808 649 in
839 582 1086 669 Prolegomenis
1117 606 1153 668 pr

142 690 218 774 quid
251 690 407 755 retineret
444 689 641 756 Ritschelius
679 695 885 775 respueretve
918 690 1077 756 facillime
1112 714 1148 756 ex

142 797 323 862 'lhinummi
352 797 493 863 editione
524 797 663 882 perspici
686 801 830 882 poterat3
862 798 935 864 inde
960 798 1153 883 igiturque

143 904 313 997 molestius
342 903 525 990 colligenda
552 908 646 969 erant
673 905 740 969 iam
768 905 849 991 ipsis
872 905 1153 990 Prolegomenisa

143 1032 214 1075 mus
243 1033 308 1076 una
335 1033 407 1076 curn
431 1011 548 1076 ceteris
571 1033 653 1097 quae
677 1011 963 1078 commemoranda
985 1017 1102 1078 essent
1146 1017 1153 1071 t

144 1118 259 1183 stituto
292 1140 459 1202 speramus
491 1118 560 1183 fore
584 1122 621 1183 ut
647 1119 771 1185 tirones
800 1120 940 1184 maxime
968 1119 1153 1185 adiuventur

144 1223 302 1310 dependis
325 1224 410 1289 veris
433 1225 615 1290 rationibus
639 1226 876 1292 emendationis
899 1225 1080 1292 Plautinae.

818 1333 1033 1400 Faraamcvs
1059 1333 1151 1400 Saso

637 1654 749 1703 curva
775 1635 801 1702 Ι.

84 1786 131 1827 vn
234 1760 262 1825 Ε
295 1759 454 1826 Plautinis
487 1762 650 1827 codicibus
684 1762 909 1827 Trinummum
944 1761 1132 1826 tenentibus

144 1867 290 1953 triginta,
313 1890 393 1952 quos
416 1890 473 1952 per
487 1867 618 1934 Italicas
641 1858 847 1953 potissimum
871 1868 1101 1952 bybliothecas
1125 1869 1153 1932 di

145 1975 195 2039 vel
220 1975 345 2059 inspexi
368 1975 419 2039 vel
442 1975 582 2059 excussi,
613 1976 674 2041 hos
702 1975 808 2061 delegi
832 1975 948 2061 quibus
972 1975 1014 2040 ad
1037 1975 1153 2040 hanct

145 2081 379 2147 emendandam
406 2087 528 2165 uterer,
555 2078 753 2166 reliquorum
782 2081 931 2167 exempla
956 2103 1013 2166 per
1037 2081 1153 2147 aliarur

144 2189 249 2254 larum
268 2190 545 2274 opportunitatem
565 2193 827 2274 exprompturus:
850 2186 881 2253 A
903 2187 1153 2254 Ambrosianum

144 2301 300 2382 psestum,
323 2295 353 2361 B
374 2294 558 2361 ‘Veterem’
578 2296 719 2363 codicem
738 2294 927 2380 Camerarii,
951 2281 976 2361 (l
996 2297 1141 2361 eiusdem

144 2402 276 2487 tatum',
312 2401 344 2467 l)
373 2403 569 2469 Vaticanum
597 2403 823 2487 Vrsinianum,
859 2400 888 2468 Ε
923 2425 1031 2468 meum
1064 2425 1153 2488 quen

143 2510 279 2575 Etruria
302 2516 456 2595 emptum,
479 2509 508 2575 F
532 2510 741 2594 Lipsiensem,
765 2507 795 2575 (l
818 2509 853 2574 ll
876 2508 909 2573 Κ
933 2510 1123 2575 Vaticanos.

145 2618 268 2683 accedit
299 2616 323 2681 Z
355 2618 454 2683 editio
486 2618 644 2703 princeps.
690 2617 738 2682 De
768 2618 820 2682 his
850 2617 942 2682 libris
974 2617 1118 2681 omnium
1151 2641 1153 2700 j

144 2725 236 2790 video
261 2726 341 2790 mihi
364 2726 555 2811 singillatim
581 2724 750 2789 dicendum
775 2746 854 2788 esse.

233 2830 262 2896 A
286 2832 495 2897 Membrauae
519 2833 798 2915 palimpsestae
822 2830 1051 2914 bybliothecae
1068 2829 1153 2893 Aml

144 2962 227 3022 nee,
249 2939 313 3003 huc
337 2940 457 3004 saeculi
480 2938 574 3004 XVII
599 2937 694 3003 initio
718 2939 852 3022 delatae,
875 2942 911 3001 ut
934 2937 1075 3001 Audaci
1099 2937 1153 3001 Mi

144 3047 179 3111 in
197 3045 308 3110 Iliadis
329 3046 444 3131 fragm.
463 3069 493 3130 p.
503 3044 550 3109 IV
570 3045 758 3111 testimonio
778 3048 914 3128 constat,
939 3066 977 3108 ex
995 3045 1115 3108 illustri
1140 3045 1153 3107 i

143 3154 243 3219 nobio
267 3150 297 3218 S:
317 3151 512 3219 Columbani
531 3152 693 3236 Bobiensi,
717 3153 808 3217 euius
832 3157 981 3217 accurate
1005 3152 1153 3236 perscrip

146 3261 280 3326 storiam
304 3260 465 3324 Amedeus
490 3259 620 3343 Peyron
643 3259 807 3327 Ciceronis
837 3260 1022 3324 orationum
1050 3258 1153 3341 fragm

144 3374 247 3433 semet
265 3368 361 3433 editis
379 3367 561 3451 praemisit:
585 3367 619 3430 in
639 3366 857 3431 Ambrosiana
880 3365 1089 3448 bybliotheca
1113 3366 1153 3429 ab

143 3475 239 3539 Maio
268 3478 413 3558 repertae
443 3476 475 3536 et
506 3473 615 3556 aliqua
643 3495 681 3538 ex
704 3477 797 3556 parte
820 3472 1000 3555 descriptae
1023 3472 1108 3537 libro
1133 3495 1153 3535 s:

143 3581 319 3646 Mediolani
348 3602 433 3644 anno
462 3580 558 3644 huius
588 3580 709 3644 saeculi
738 3579 801 3644 XV
830 3579 949 3643 emisso
978 3577 1037 3643 ‘M.
1061 3578 1151 3643 Accii

144 3688 327 3773 fragmenta
350 3685 488 3750 inedita'
513 3709 539 3751 e.
563 3710 592 3770 q.
617 3709 654 3752 s.:
688 3687 792 3752 denuo
817 3709 836 3750 a
859 3709 911 3751 me
933 3689 1152 3770 pertractatae

69 3817 129 3858 vm
143 3799 264 3881 quanto
287 3794 414 3880 plenius
439 3793 617 3878 descriptae
640 3794 675 3858 in
698 3794 838 3876 epistula
860 3792 1097 3858 Mediolanensi
1122 3792 1153 3856 ae‘

143 3903 270 3969 fredum
289 3901 513 3966 Hermannum
537 3899 622 3983 data,
646 3922 727 3984 quae
750 3901 784 3964 in
804 3898 938 3964 Diurnis
962 3899 1153 3983 antiquariis

144 4009 361 4075 stadiensibus
385 4008 460 4071 anni
484 4024 765 4073 clolocccxxxvll
789 4031 818 4091 p.
840 4007 902 4071 737
920 4028 990 4091 sqq.
1010 4008 1067 4086 [τε
1083 4004 1153 4088 Opu

143 4117 176 4181 II
199 4139 229 4200 p.
256 4115 318 4179 166
333 4117 415 4199 sqq]
440 4114 567 4199 legitur.
616 4114 792 4179 Pristinam
816 4113 936 4178 codicis
961 4113 1153 4195 scripturam

143 4224 245 4288 nimia
268 4222 465 4287 liberalitate
495 4221 535 4286 ad
559 4221 797 4287 Antoninorum
826 4224 965 4285 aetatem
989 4219 1098 4284 Maius
1122 4240 1153 4283 re

143 4331 263 4396 rectius
286 4329 484 4394 Niebuhrius
508 4328 624 4412 Opusc.
647 4329 724 4393 hist.
748 4333 781 4392 et
802 4328 881 4411 phil.
904 4327 920 4391 I
942 4348 973 4410 p.
991 4327 1054 4391 174
1079 4346 1153 4391 saec

144 4437 248 4522 quinti
272 4435 367 4519 dixit,
395 4439 547 4520 potuerat
571 4435 710 4500 fortasse
734 4435 855 4520 quarti:
888 4433 1088 4498 simillimam
1111 4453 1153 4496 eal
