2836 5034
135 293 199 354 328
425 304 684 353 erronuconaus
710 305 755 351 nu
780 300 992 351 uarronruvs

136 456 202 514 tur:
230 450 386 534 reliquos,
416 449 471 535 qui
499 448 540 512 ad
569 470 718 511 versuum
742 446 986 511 similitudinem
1010 448 1069 511 ant
1093 443 1241 528 aliquant

135 556 296 641 probabili
326 553 377 641 (ut
403 554 482 641 312)
512 577 661 619 successu
684 554 806 619 redacti
829 558 953 637 essent,
980 551 1130 617 cancellis
1153 550 1241 617 uelut

136 663 285 729 Ceterum
314 686 379 728 nou
407 663 642 749 glossematum
670 663 704 726 in
730 683 865 726 numero
889 659 1072 744 habendos,
1097 658 1151 725 sed
1167 680 1241 725 onore

136 770 343 835 librariorum
367 768 502 834 iteratos
522 790 601 853 esse,
625 768 733 853 quiin
753 769 847 835 libris
866 768 1020 834 omnibns
1038 769 1180 853 leguntur
1193 772 1242 852 pest

135 903 163 943 v.
193 877 258 943 704
289 880 322 941 et
352 880 428 960 post
460 877 533 955 705,
565 877 784 962 unusquisque
816 876 987 961 perspicit,
1019 900 1201 963 quamquam
1218 902 1243 945 cr
1293 942 1296 959 ,

135 990 229 1071 parte
253 988 381 1048 tantum
405 982 508 1047 Italus
532 987 694 1049 corrector
718 984 882 1068 perspexit
904 1006 979 1049 cum
1001 982 1134 1051 Merula

227 1091 320 1169 Quod
343 1096 453 1155 autem
477 1090 635 1174 singulari
654 1090 823 1175 diligentia
847 1113 969 1175 eorum,
993 1114 1076 1177 quae
1094 1093 1142 1156 rel
1158 1091 1245 1158 excide
1293 1088 1296 1129 :

137 1200 203 1264 rint
231 1199 264 1262 in
293 1197 457 1263 codicibus
491 1196 542 1261 vel
574 1196 861 1281 transpositionem
893 1220 992 1283 passa
1024 1199 1106 1281 sint,
1136 1198 1248 1284 exempl
1294 1186 1296 1237 ἶ

137 1305 301 1389 superiore
326 1304 431 1389 capite
455 1305 636 1388 composui,
665 1309 697 1368 et
720 1305 870 1370 consulto
893 1304 1024 1390 quidem
1046 1306 1249 1390 praetermissis

137 1435 272 1498 quorum
303 1411 457 1476 iudicatio
482 1433 498 1475 e
523 1411 727 1476 subtiliorum
758 1410 867 1498 legum
891 1413 1096 1479 metricorum
1119 1414 1252 1498 prosodia

137 1541 307 1603 carumque
337 1518 483 1584 doctrina
512 1518 678 1602 penderet,
705 1518 738 1582 id
766 1540 841 1582 vero
865 1519 912 1584 ita
939 1519 1082 1603 institui,
1109 1526 1146 1586 ut
1166 1521 1202 1585 ab
1218 1544 1254 1587 cr·

136 1626 271 1710 ploratis
287 1625 541 1711 indubitatisque
560 1625 724 1708 profectus
743 1629 830 1691 certa
850 1627 1066 1693 ratiocinandi
1086 1627 1139 1692 ria
1155 1650 1258 1714 possen

138 1734 178 1797 ad
201 1756 239 1797 ea
261 1733 421 1819 progredi,
445 1754 526 1817 quae
550 1754 622 1796 cum
647 1736 823 1797 metrorum
846 1733 1019 1818 disciplina
1037 1734 1186 1799 universa
1204 1756 1260 1799 con·

138 1841 248 1905 iuncta
271 1841 414 1905 omnium
438 1840 577 1904 maxime
601 1859 671 1903 esse
690 1843 900 1904 controversa
919 1840 1050 1905 scirem:
1073 1840 1199 1925 quando
1214 1841 1264 1905 illis

138 1947 217 2031 ipsis
242 1946 366 2012 duobus
390 1946 562 2033 generibus
582 1948 758 2009 metrorum
777 1950 815 2010 ut
833 1947 1019 2030 depravatio
1039 1947 1085 2012 ita
1104 1947 1266 2013 emendatio

140 2053 315 2118 maximam
339 2059 465 2137 partem
484 2053 677 2119 continetur.
713 2052 758 2117 Et
776 2053 920 2118 omnium
939 2053 1070 2138 quidem
1089 2055 1268 2119 uberrimum

45 2188 125 2227 nxxr
140 2161 173 2223 in
197 2158 355 2224 Plautinis
379 2161 498 2224 fabulis
522 2161 778 2245 corruptelarum
802 2160 925 2225 fontem
948 2161 1014 2225 iam
1039 2161 1118 2226 olim
1137 2161 1201 2227 dixi
1218 2182 1269 2227 non

138 2266 238 2331 fuisse
270 2267 369 2331 alium
397 2267 459 2331 nisi
489 2267 588 2352 quod,
616 2289 688 2331 cum
716 2267 750 2331 in
779 2266 931 2332 familiari
959 2289 1108 2334 sannone
1132 2270 1272 2354 plurimae

140 2395 232 2438 voces
257 2374 307 2437 vel
331 2373 444 2438 abesse
469 2373 519 2437 rel
547 2373 696 2438 accedere
720 2373 771 2439 vel
799 2373 888 2438 vario
912 2394 982 2438 sese
1006 2373 1120 2440 ordine
1144 2377 1273 2461 excipere

139 2481 227 2545 nullo
261 2481 439 2545 sententiae
473 2485 568 2565 atque
597 2481 677 2545 adeo
710 2481 887 2566 elegantiae
920 2481 1114 2549 detrimento
1147 2488 1275 2567 possent,

139 2588 256 2652 horum
288 2587 369 2651 nihil
404 2610 471 2652 non
503 2588 708 2653 librariorum
742 2612 868 2673 quoque
901 2590 1034 2654 levitate
1066 2591 1275 2675 imprudenter

140 2694 363 2758 admitteretur
386 2695 583 2777 saepissime.
622 2693 761 2769 Quodsi
782 2696 828 2760 ita
847 2718 917 2759 esse
937 2696 1135 2780 conceditur,
1160 2702 1196 2761 ut
1215 2719 1274 2762 con·

140 2801 208 2865 cedi
236 2800 408 2865 multitudo
437 2802 658 2885 exemplorum
687 2803 791 2886 iubet,
824 2825 887 2886 quo
915 2807 950 2866 tu
982 2803 1063 2868 miro
1088 2808 1187 2888 atqm
1211 2804 1276 2869 adeo

140 2907 326 2991 prodigioso
351 2931 426 2972 casu
452 2910 524 2971 illas
550 2910 747 2973 mutationes
771 2910 900 2994 putabis
924 2913 1052 2975 tantum
1072 2911 1113 2975 ad
1136 2934 1277 2977 numeros

141 3014 389 3096 corrumpendos
409 3038 585 3099 numquam
611 3016 771 3080 valuisse?
809 3017 853 3080 Et
875 3021 983 3081 tamen
1008 3019 1074 3102 qui,
1096 3018 1153 3083 ubi
1179 3020 1227 3084 vel
1247 3017 1280 3083 ad

142 3122 319 3184 sententiae
343 3123 564 3208 integritatem
589 3124 637 3186 vel
661 3122 700 3186 ad
721 3124 968 3207 grammaticam
988 3124 1151 3190 rationem
1170 3124 1281 3211 aliquid

142 3227 352 3311 desideratur,
382 3251 447 3294 non
476 3230 626 3314 defugere
655 3230 705 3293 vel
733 3230 1019 3314 transpositionem
1043 3232 1217 3298 verborum
1240 3233 1282 3297 vel

144 3333 356 3398 adiectionem
389 3337 507 3413 solent,
542 3337 637 3399 simul
668 3341 764 3419 atque
796 3340 926 3400 ventum
960 3342 1009 3402 cet
1041 3338 1082 3403 ad
1113 3346 1283 3406 metrorum

143 3441 403 3525 concinnitatem,
427 3443 554 3506 easdem
579 3442 769 3506 emendandi
793 3448 879 3507 artes
904 3445 1095 3529 nescioquo
1115 3447 1283 3531 fastnper·

142 3547 334 3612 horrescunt
365 3571 466 3631 quave
499 3549 728 3633 superstitione
762 3550 807 3614 eis
841 3549 993 3614 adhibitis
1024 3551 1190 3635 piaculum
1223 3554 1282 3618 tisri

144 3654 320 3718 clamitant.
353 3654 472 3719 Verum
492 3657 551 3720 lros
571 3657 698 3740 quidem
720 3656 813 3720 mitte
837 3657 871 3719 in
894 3679 1058 3741 praesens,
1082 3660 1122 3723 ad
1143 3661 1282 3725 metricas

143 3760 379 3844 disputationes
404 3763 489 3825 infra
513 3786 711 3828 reversurus:
736 3764 852 3847 quibus
871 3769 980 3828 tamen
999 3788 1058 3848 pro
1078 3766 1280 3831 fundamento

144 3890 214 3931 esse
242 3868 326 3931 hanc
354 3869 457 3951 ipsam
485 3870 766 3934 ratiocinationem
789 3871 877 3948 volo,
900 3893 964 3954 qua
987 3894 1038 3934 me
1062 3873 1162 3937 etiam
1185 3882 1278 3938 taccu·

145 3982 208 4038 tem
234 3976 281 4039 uti
306 3976 535 4039 recordandum
560 3977 630 4041 erit.
656 4015 697 4023 --
722 3976 767 4041 Vt
791 3982 898 4041 autern
921 3979 1219 4063 interpolationem,
1240 3980 1276 4042 ita

145 4085 276 4146 lacunas
305 4104 431 4165 quoque
460 4088 557 4166 atque
586 4085 857 4167 transpositiones
880 4106 946 4148 non
970 4089 1022 4149 est
1044 4086 1161 4150 mirum
1185 4110 1204 4150 a
1224 4085 1275 4148 sin·

145 4191 231 4273 gulis
256 4189 388 4252 vocibus
413 4190 452 4252 ad
477 4191 621 4273 integros
646 4213 756 4254 versus
780 4192 982 4274 pertinuisse.
1029 4192 1078 4257 llc
1101 4193 1141 4257 de
1164 4191 1281 4257 lacunis

146 4297 274 4381 (pridem
299 4295 500 4379 gravioribus
524 4299 656 4380 exposui
681 4297 785 4381 capite
809 4297 854 4361 ll:
885 4299 1159 4383 transpositorum
1183 4304 1291 4363 autem

146 4408 273 4487 praeter
301 4402 446 4468 codicum
475 4403 570 4466 tidem
599 4427 748 4467 versuum
772 4406 920 4488 exempla
943 4405 1043 4469 habes
1067 4428 1095 4470 v.
1118 4406 1191 4471 320.
1210 4401 1296 4467 369.
