2886 5032
387 340 651 388 annnnnrronrs
677 340 883 387 PLAVTINAE.
1141 323 1204 388 441

153 534 161 546 .
203 533 565 549 .........
600 482 829 547 demonstretis
852 485 907 564 qai
931 505 1002 546 eam
1026 481 1206 547 abstulerit.

154 640 163 654 .
204 639 655 654 ...........
690 593 719 655 si
742 590 865 674 amant,
889 591 1051 673 sapienter
1073 589 1206 654 faciunt

156 747 655 762 ............
685 697 851 761 tiamabo
876 700 909 761 et
931 701 963 761 te
987 696 1206 780 amplexabor.

56 837 121 904 Sed
147 839 249 905 etiam
272 840 307 905 in
329 839 504 906 trochaicis
527 838 738 923 iambicisquc
757 840 904 904 versibus
924 838 1061 903 alteram
1080 839 1206 904 solutae
1244 832 1247 838 ’

10 960 12 979 “
56 946 142 1011 arsis
167 944 331 1030 syllabam
363 944 410 1010 sic
437 967 507 1009 esse
531 967 603 1008 cum
626 944 719 1008 hiatu
742 950 925 1029 correptam
949 946 1092 1012 nondum
1115 947 1206 1029 potui

56 1052 137 1117 mrlri
163 1051 371 1137 persuadere:
406 1073 471 1116 non
495 1050 528 1115 id
551 1051 647 1114 aliam
672 1050 714 1116 ob
738 1073 901 1135 caussam,
930 1075 1026 1137 quam
1050 1052 1134 1137 quod
1158 1057 1205 1116 ta·

60 1156 142 1223 lium
169 1160 390 1244 exemplorum
417 1158 519 1223 nimia
547 1157 580 1222 in
609 1158 737 1222 circiter
759 1158 878 1243 viginti
900 1159 1033 1223 milibus
1057 1182 1206 1224 versuum

55 1264 208 1351 paucitas
233 1268 290 1330 est.
336 1264 449 1350 Itaque
477 1266 684 1329 vehementer
713 1264 826 1330 dubito
850 1289 929 1330 num
952 1263 1031 1330 <triae
1053 1287 1149 1329 anum
1175 1270 1208 1330 ct

53 1373 107 1436 aas
132 1372 276 1453 infamia
298 1372 378 1437 satis
401 1371 476 1435 fidei
497 1370 642 1435 habeant
665 1371 780 1436 Bacch.
804 1371 830 1454 l,
857 1375 885 1456 1,
910 1374 949 1437 17
975 1376 1007 1436 ct
1030 1372 1136 1456 111,1,
1159 1375 1207 1442 14,

53 1479 108 1564 qui
135 1501 254 1543 versus
276 1478 387 1544 nescio
411 1500 454 1543 an
477 1477 524 1541 sio
546 1499 612 1542 non
634 1477 837 1543 incommode
861 1478 1059 1543 scribantur:

146 1607 242 1685 Driae
266 1643 312 1685 ure
335 1642 434 1685 unum
459 1618 610 1704 expetitis
634 1619 833 1703 palumbem:
858 1618 964 1706 icam)
989 1622 1112 1688 arundo
1136 1624 1206 1687 alas

915 1729 1077 1794 uerberat:

142 1824 223 1897 Tria
248 1831 342 1919 Μ’)
367 1833 500 1899 iufamia
523 1834 631 1898 fecisti
655 1833 878 1919 gerulifigulos
901 1835 1019 1920 flagiti:

50 1999 126 2042 nam
154 1977 190 2040 in
215 1976 325 2061 priore
343 1978 428 2058 perit
450 1979 560 2060 potest
582 1975 769 2061 interpretis
789 1998 858 2041 esse
876 1979 1085 2061 proverbium
1106 1981 1206 2065 expli·

49 2085 168 2149 cantis.
218 2081 296 2146 Non
324 2082 489 2148 difficilius
513 2087 563 2147 est
585 2083 708 2148 inserto
732 2105 783 2166 epo
808 2083 904 2149 Mero.
928 2083 968 2167 V,
993 2086 1022 2169 2,
1046 2087 1067 2150 4
1091 2087 1207 2152 tollere

77 2193 134 2254 ‘mi
158 2195 246 2255 erut:

140 2331 247 2397 dei
265 2337 337 2397 erat
354 2332 440 2417 quod
459 2330 596 2418 ego***)
611 2331 847 2416 quaeritabam:
867 2335 921 2397 sex
938 2334 1057 2399 sodalis
1072 2335 1206 2419 repperi.

48 2474 264 2560 Quamquam
292 2474 331 2538 de
358 2474 421 2539 hoc
449 2474 647 2560 singularem
677 2476 718 2539 ob
743 2499 891 2540 caussam
915 2477 1040 2541 cantius
1063 2476 1205 2541 iudican-

49 2580 124 2648 dum
151 2585 217 2647 est.
264 2579 350 2645 Nam
375 2603 447 2645 cum
472 2580 582 2646 eadem
607 2581 708 2665 ratio,
731 2605 795 2666 qua
819 2582 1025 2647 continentur
1048 2579 1098 2646 uri
1117 2582 1207 2646 leudes

49 2698 80 2756 et
103 2690 188 2754 naim
213 2688 314 2766 habea,
337 2688 422 2751 iuter
445 2688 528 2752 dorni
551 2693 649 2752 estet
672 2688 795 2752 (torreatur
820 2695 863 2753 cst
886 2688 1074 2771 intercedat,
1096 2692 1207 2752 tamen
1222 2711 1290 2749 cciv

85 2820 119 2861 m
157 2796 227 2860 hoc
262 2798 424 2878 postremo
458 2794 542 2878 quod
576 2796 755 2877 comparari
790 2800 900 2879 queat,
933 2817 969 2856 ex
1004 2794 1205 2878 undeviginti

77 2904 176 2968 bulis
204 2901 368 2966 Plautinis
397 2900 477 2964 nihil
508 2900 669 2982 recordor,
704 2903 737 2965 in
759 2925 824 2965 nna
847 2900 1027 2965 Mercatore
1051 2901 1119 2964 scio
1143 2900 1207 2964 tria

35 3009 205 3094 ¹exempla
230 3011 358 3072 exstare
381 3007 454 3090 1,2‚
474 3008 525 3072 69.
553 3007 594 3090 ll,
613 3009 643 3090 4,
666 3010 713 3072 ll.
742 3007 781 3089 V,
800 3009 829 3090 2,
848 3009 906 3072 47:

143 3153 176 3217 T
172 3151 254 3215 cium
277 3149 424 3214 amicam.
471 3148 555 3225 Quid
578 3150 673 3214 cam?
719 3149 818 3214 Vidit.
866 3147 981 3214 Vidit?
1005 3173 1064 3214 uae
1088 3150 1206 3214 misero

914 3258 1004 3322 mihi.

136 3364 255 3432 Tuam
278 3362 426 3427 amicam.
456 3362 605 3429 Nimium
628 3365 766 3428 multum
790 3362 863 3428 scis.
898 3364 977 3429 'luis
1001 3364 1161 3449 ingratiis.

138 3471 255 3539 Tuam
278 3470 425 3535 amicam.
454 3469 537 3546 Quid
563 3472 655 3535 eam?
680 3470 744 3534 Vbi
769 3470 821 3553 sit,
845 3472 904 3556 e‘go
929 3471 1004 3535 scio.
1038 3469 1128 3534 Tune
1152 3471 1206 3533 dh·

915 3578 1028 3642 sacro?

25 3712 120 3778 Tam
149 3707 245 3771 haec
270 3702 408 3786 gemella
431 3707 520 3784 sant,
549 3706 584 3766 ut
612 3703 650 3766 de
679 3702 867 3787 integritate
892 3702 1070 3784 scripturae
1095 3702 1148 3764 vix
1172 3703 1207 3765 li·

20 3824 107 3886 ceat
135 3810 314 3878 dubitare.
344 3808 456 3892 Itaque
480 3809 541 3872 lroc
566 3832 660 3872 omne
684 3810 770 3873 illius
794 3810 994 3893 quaestionis
1019 3808 1206 3891 opportuni-

19 3927 92 3995 tati
123 3914 377 3986 reservandum
400 3920 464 3999 est,
492 3938 555 3999 qua
580 3916 657 3999 quid
680 3916 713 3979 in
737 3916 917 3981 Mercatore
941 3939 960 3980 a
984 3915 1136 3979 Plautino
1161 3914 1206 3977 in·

13 4031 135 4125 genio
167 4028 210 4089 ct
236 4043 299 4085 usu
322 4019 505 4104 abhorreat,
529 4022 726 4106 expendetur
749 4022 940 4086 accuratius.

16 4129 278 4156 f„-

149 4186 184 4251 2)
210 4175 270 4252 [Cf.
289 4177 384 4232 annot.
404 4177 439 4232 ad
458 4178 532 4232 huuc
551 4195 661 4233 veniam
681 4180 710 4232 et
728 4177 816 4232 Musei
838 4179 923 4231 Rhen.
944 4178 994 4230 Xll
1014 4196 1039 4246 p.
1061 4178 1133 4245 452]

124 4273 180 4339 θ’)
207 4266 311 4340 [Taod
327 4262 398 4320 Nor.
417 4282 476 4321 cxc.
495 4265 587 4322 Plaut.
607 4268 618 4320 1
637 4284 664 4335 p.
685 4266 739 4334 68]

100 4363 179 4431 Μ)
206 4354 254 4428 [ln
273 4353 397 4411 editione
416 4355 490 4409 dorni
507 4356 537 4409 id
555 4360 614 4409 erat
632 4357 704 4424 qaod
717 4354 796 4409 dedit
810 4354 979 4408 Ritschelius
997 4355 1097 4407 notans
1116 4353 1205 4405 Lach-

10 4468 183 4520 mann
208 4445 242 4500 in
263 4443 345 4499 Lacr.
364 4460 391 4514 p.
413 4443 485 4514 lat]
