2836 5034
158 284 223 350 384
444 298 708 347 raonnoounus
731 298 779 347 nn
800 297 1014 349 usmosrsvs

20 468 144 509 oxxxvr
158 443 232 509 Nisi
256 443 340 529 quod
364 443 584 527 unusquisque
608 465 667 507 sua
690 446 805 527 sponte
828 441 994 528 intellegit
1014 445 1181 525 correptum
1193 452 1246 527 pst·

157 556 308 617 stromata
335 572 401 616 non
424 551 531 636 magis
555 550 688 637 regulae
711 569 894 634 repugnare
916 570 1017 635 quam
1039 547 1176 632 mppr.
1205 550 1248 619 lla

12 684 146 725 cxxxvn
160 679 220 743 ego
250 656 443 739 quomobrem
473 679 656 723 mensuram
684 656 825 722 concedo
847 654 901 722 vel
928 656 1151 723 necessitatem
1171 656 1248 723 talos

158 765 208 830 vel
238 758 456 830 defensionem
485 764 670 847 admittere:
707 763 785 849 quid
813 767 865 828 est
892 763 981 829 enim
1008 763 1136 829 tandem
1160 766 1249 830 curel

158 872 318 955 ingratius
357 893 428 936 esse
460 871 510 935 vel
543 871 649 935 minus
686 871 880 936 conveniens
916 870 1041 938 rationi
1075 872 1249 955 qaomolrca

158 1001 255 1064 quam
282 977 584 1060 quomddmodum
612 978 779 1044 dicamus?
816 977 902 1064 quod
931 978 1077 1045 nondum
1100 979 1251 1065 exstititqi

158 1088 414 1169 quetsodotodum
442 1085 581 1170 proferri
608 1085 743 1151 iuberet.
789 1084 919 1152 Gentius
948 1087 1049 1152 ctiam
1076 1092 1126 1152 est
1151 1085 1252 1167 barbas

158 1216 217 1258 nec
236 1193 285 1258 vel
304 1193 456 1258 Plautina
474 1192 525 1257 vel
548 1193 653 1257 latina
676 1215 746 1258 esse
770 1193 875 1259 tribus
899 1193 979 1260 adeo
1003 1193 1122 1260 littoris
1144 1192 1253 1278 correptis

158 1302 316 1385 improbam
346 1301 527 1382 imprudens
558 1301 672 1380 astare,
708 1301 760 1385 dyo
796 1300 993 1381 dbtunodbm
1029 1302 1107 1385 quid
1138 1300 1255 1385 inpacta

159 1407 249 1473 Trin.
272 1408 346 1474 318.
406 1406 477 1483 Quo
516 1407 679 1492 pertineat
715 1407 814 1473 etiam
851 1406 1108 1491 quoinddsnodsm
1142 1407 1257 1491 apsis

159 1538 188 1579 v.
212 1515 291 1598 236,
322 1514 387 1580 nisi
414 1514 448 1580 id
476 1515 521 1580 sit
548 1516 582 1580 in
610 1515 790 1581 octonario:
827 1537 1025 1603 quamquam
1048 1517 1101 1583 vel
1123 1518 1166 1582 sic
1185 1514 1258 1581 dulit

159 1644 236 1687 num
269 1644 334 1687 non
366 1643 423 1706 cop
454 1623 565 1708 potius
598 1623 794 1707 corripiatur
825 1644 922 1709 quam
949 1624 984 1689 in
1012 1645 1114 1690 unam
1142 1621 1260 1708 syllslu

159 1731 284 1794 modom
316 1728 523 1814 coalescat*)
576 1727 728 1796 Ceterum
760 1751 827 1795 nou
861 1729 1037 1796 obliviscor
1070 1730 1262 1816 simplicem:

160 1868 216 1923 vbi
241 1868 319 1938 Quod
343 1874 374 1922 tu
397 1874 554 1938 arpentum,
577 1870 651 1939 qudo
667 1870 736 1923 mclii
758 1871 843 1924 tricus
860 1867 980 1925 Bothius
998 1870 1126 1942 reposuit
1141 1868 1263 1926 muns·

159 1957 204 2010 An
222 1972 257 2012 ne
275 1955 347 2010 illud
365 1956 479 2025 quidem
498 1958 647 2028 quicquam
667 1957 830 2029 suspitionis
848 1960 969 2029 moveat,
989 1959 1067 2030 quod
1081 1959 1176 2016 Pseud
1185 1958 1242 2028 1‚s,1

161 2062 225 2100 cum
243 2045 342 2100 eadem
361 2045 536 2117 correptione
554 2046 704 2103 coniuncta
722 2047 767 2103 est
784 2047 869 2102 etiam
888 2049 938 2119 qai
954 2047 1033 2104 vocis
1051 2047 1199 2120 correptio:

233 2152 290 2218 Qut
308 2167 353 2207 ms
372 2150 489 2223 irgduto
509 2154 736 2209 circumuertant
773 2151 843 2220 Quia
860 2169 905 2209 me
924 2153 1061 2211 audacior
1078 2186 1122 2225 -,

161 2275 259 2330 reapse
278 2258 374 2330 igitur,
392 2258 421 2313 id
441 2259 517 2328 quod
536 2277 621 2331 supra
639 2260 807 2328 uidebamus,
825 2259 856 2315 in
872 2258 961 2316 iambi
978 2259 1074 2317 locum
1091 2261 1221 2318 molossus

161 2350 293 2405 stitutus?
329 2348 469 2403 Nimirum
491 2366 644 2419 numquam
666 2349 772 2404 factum
791 2350 834 2404 est
851 2348 933 2417 alibi,
960 2352 1033 2405 uta
1056 2351 1132 2407 male
1149 2351 1232 2408 educ

162 2440 207 2494 vel
225 2444 250 2493 te
268 2437 474 2493 adscriberetur
492 2440 567 2507 quod
585 2456 642 2494 non
659 2439 799 2509 posuisset
816 2441 908 2509 poeta
941 2440 981 2496 At
997 2441 1074 2496 enim
1094 2441 1179 2499 etiarn
1194 2459 1230 2498 an
1254 2436 1262 2451 ’

161 2527 281 2583 braehus
300 2525 329 2580 iu
347 2526 473 2582 trochaei
490 2527 583 2582 locum
602 2528 686 2583 cessit
703 2527 805 2583 Persae
824 2528 858 2595 ΙΙ,
877 2534 902 2597 2,
923 2534 968 2583 13:

233 2630 288 2690 Abi
307 2633 396 2688 modo.
435 2633 495 2703 Ego
515 2634 642 2689 laudabis
661 2634 734 2690 faxo.
772 2634 828 2689 de
845 2634 896 2689 hice
913 2636 1043 2704 tabellas,
1064 2637 1221 2709 Paegnium:

161 2759 226 2795 nam
245 2757 280 2794 ne
299 2741 352 2794 hoc
370 2740 484 2808 quidem
502 2741 620 2795 nimium
639 2740 730 2795 visum
749 2741 953 2812 Kampmanno.
991 2741 1043 2798 Oui
1060 2762 1155 2800 rursus
1172 2743 1230 2800 illud

161 2849 248 2901 pono:
277 2831 332 2884 hoc
352 2829 474 2897 silicet,
498 2829 585 2883 licent
604 2828 706 2884 omnia.
743 2829 787 2882 Ad
805 2828 876 2883 talia
893 2832 989 2884 autem
1008 2830 1187 2900 occalluisse,
1241 2828 1247 2841 '

162 2937 227 2974 vero
255 2921 299 2973 est
325 2919 479 2986 (οφίζεεθαι
499 2919 527 2971 ct
545 2917 818 2985 qrtupovopilececr‘?
855 2917 940 2984 Quasi
965 2935 1032 2975 vero
1056 2937 1113 2976 non
1138 2921 1208 2992 aliqu
1230 2919 1237 2932 '

162 3009 276 3062 tabellae
299 3011 328 3061 et
350 3008 460 3061 tubulus
481 3006 633 3060 formarum
657 3004 828 3075 permutatio
851 3005 998 3064 Plautinos
1020 3026 1119 3066 versus
1144 3028 1214 3067 cono

161 3097 215 3152 hac
233 3099 328 3151 autem
346 3096 408 3165 ipsa
427 3094 497 3148 duco
515 3093 565 3148 illc
583 3110 693 3164 quoque
712 3094 848 3149 facillima
866 3112 952 3167 opera
970 3097 1011 3153 sic
1030 3101 1208 3157 emaculetur:

233 3199 287 3258 Abi
306 3202 397 3257 modo.
434 3201 495 3272 Ego
515 3200 642 3255 laudabis
660 3201 734 3256 faxo.
772 3202 827 3256 de
846 3204 877 3257 tn
895 3202 947 3258 has
964 3204 1086 3276 tabulas,
1105 3206 1244 3278 Paegnium

162 3310 225 3366 coll.
245 3309 322 3364 Curc.
342 3309 389 3378 IV,
408 3314 433 3377 3,
455 3314 499 3362 13:

234 3415 287 3481 Qui
305 3416 357 3469 hts
376 3415 498 3470 tabellas
518 3414 680 3483 obsignatas
700 3414 805 3469 attulit.
844 3413 919 3480 Quas
937 3418 969 3470 tri
988 3417 1059 3472 mihi

232 3506 363 3571 Tabulas,
383 3520 452 3573 quos
472 3504 564 3557 luscos
582 3503 707 3571 libertos,
727 3506 797 3573 quos
817 3505 983 3562 Summanos
1001 3509 1144 3564 somnias?

161 3612 201 3666 sic
226 3612 298 3666 enim
319 3613 389 3667 haec
408 3610 457 3665 diu
476 3613 519 3664 est
538 3626 601 3664 cum
620 3610 774 3665 emendavi.
812 3611 957 3667 Postremo
976 3614 1124 3682 quidesse
1141 3614 1201 3671 illud
1227 3610 1232 3621 '

161 3718 234 3767 mus,
258 3700 333 3770 quod
356 3699 502 3770 neglectae
522 3698 671 3768 positionis
690 3700 849 3768 exemplum
868 3701 1079 3771 Kamprnannus
1098 3704 1152 3760 sibi
1167 3703 1224 3758 visu·

161 3788 247 3842 etiam
266 3790 346 3858 Capt.
366 3791 399 3858 ΙΙ,
419 3797 443 3857 2,
463 3795 497 3843 84
517 3786 737 3859 deprehendere,
756 3789 804 3856 qui
823 3805 919 3844 versus
938 3789 974 3843 ab
993 3790 1049 3845 sca
1066 3792 1092 3846 is
1106 3780 1240 3862 priedm'

161 3876 230 3945 cipit
248 3876 340 3945 (quasi
359 3877 383 3931 si
402 3893 452 3932 nos
471 3877 604 3945 siquidem
623 3878 647 3929 is
665 3876 722 3929 ndo
739 3893 800 3929 mern
818 3877 923 3956 e'Trin.
934 3885 987 3934 978
1006 3882 1135 3936 notemus
1149 3876 1216 3936 uta'
1237 3866 1243 3881 ⁴

160 3964 287 4019 inusitati
302 3966 436 4033 haband?
455 3966 579 4034 itemque
594 3965 627 4033 Π,
638 3971 663 4032 3,
675 3970 708 4018 66
727 3963 809 4018 initio
827 3966 868 4019 Id
885 3963 918 4020 sit
935 3969 1009 4022 sciris
1029 3970 1124 4024 Iouem
1141 3970 1253 4038 ΝΜ*

160 4055 235 4122 quod
253 4070 310 4108 non
329 4056 371 4108 est
388 4053 466 4108 laudi
484 4054 577 4123 potius
597 4054 626 4108 in
645 4035 684 4107 id
702 4056 746 4107 uti
763 4055 835 4108 scias
853 4057 987 4126 mutasse,
1006 4075 1091 4127 quam
1109 4074 1160 4114 non
1175 4054 1253 4110 null*

160 4143 320 4214 opprobrio.
336 4175 368 4182 -
389 4142 465 4196 Haec
485 4147 577 4196 autem
597 4144 670 4209 sunt,
689 4142 713 4195 si
733 4144 808 4197 recte
828 4160 877 4198 seu
895 4160 1027 4214 pervorse
1046 4146 1134 4201 allata
1150 4129 1252 4205 antid

159 4232 211 4286 bus
239 4232 385 4302 neglectae
413 4229 560 4299 positionis
586 4230 731 4286 licentiam
755 4230 857 4287 Plauto
882 4234 951 4288 satis
977 4250 1040 4290 esse
1061 4235 1209 4290 vndiuuu
1224 4220 1251 4275 ΙΨ

160 4322 274 4377 censuit.

247 4410 272 4477 ¹²)
292 4408 345 4480 [Cf.
366 4409 458 4478 urin!
477 4409 583 4479 annot]
