2836 5034
463 359 697 408 usrsrurscna
721 360 852 408 annus.
1162 341 1228 406 675

124 499 251 564 imirum
279 500 341 566 hoc
368 503 503 567 consilio
528 484 674 567 conditas
698 525 783 587 esse,
815 524 895 588 quas
919 501 1073 585 peculiari
1097 501 1227 565 nomine

124 630 130 666 ι
166 607 432 673 universitatibus
469 609 625 674 discretas
663 609 845 674 academias
880 610 1065 674 litterarum
1102 610 1228 689 vocant,

124 713 215 796 agnis
243 736 301 799 per
330 715 468 781 maiores
496 716 646 780 civitates
674 718 844 801 plerasque
872 717 1028 800 impensis
1052 713 1227 779 sustentari

124 818 210 904 litas,
232 822 396 887 tralaticia
419 845 496 888 voce
519 823 740 908 respondetur.
771 822 857 888 Huic
880 829 989 888 autem
1012 844 1167 907 responso
1191 826 1229 886 ut

124 948 213 992 usum
237 930 449 1013 respondeam
472 930 687 1014 adversando,
710 931 743 994 in
766 929 829 995 hoc
852 952 928 996 vero
951 930 1048 995 cardo
1071 928 1228 995 orationis

125 1055 178 1099 eae
204 1037 352 1102 vertitur.
396 1037 481 1102 Nam
514 1041 552 1102 ut
580 1037 690 1120 paucis
719 1036 1003 1121 comprehendam,
1034 1058 1100 1102 non
1133 1035 1228 1101 credo

124 1142 149 1225 i,
170 1143 254 1227 quod
278 1149 348 1209 tam
371 1143 543 1230 magnifice
567 1144 715 1226 iactatur,
738 1144 875 1209 consilio
899 1143 1027 1228 publico
1052 1143 1229 1208 academia·

124 1270 160 1312 un
181 1250 332 1317 instituto
356 1252 406 1316 vel
429 1273 525 1335 posse
549 1251 699 1316 satisfieri
718 1252 768 1315 vel
787 1273 865 1335 prae
888 1251 1136 1316 universitatum
1159 1251 1227 1335 qui·
1243 1272 1289 1315 vn

124 1376 160 1420 tm
182 1357 334 1423 instituto
358 1358 510 1424 satisfieri
533 1380 653 1423 revera.
686 1357 779 1422 Illinc
803 1362 840 1422 ut
863 1358 981 1442 ordiar,
1004 1360 1055 1424 vel
1077 1358 1140 1423 hoc
1162 1381 1228 1423 non

124 1466 301 1548 tprofecto
322 1465 443 1530 nullius
462 1465 627 1548 momenti,
647 1465 731 1551 quod
750 1465 878 1529 litteras
898 1465 1073 1549 universas,
1092 1487 1228 1550 quarum

124 1573 328 1637 msociatione
357 1594 416 1637 suo
443 1571 573 1636 nomine
602 1571 718 1657 dignae
751 1572 979 1637 universitates
1012 1593 1156 1655 evasere,
1188 1593 1229 1637 ne

124 1677 201 1743 >lunt
228 1680 374 1765 quidem,
406 1701 489 1763 quae
516 1678 613 1743 hodie
642 1678 825 1743 academiae
852 1677 1018 1762 foventur,
1051 1678 1231 1763 complecti,

124 1784 147 1849 d
167 1786 304 1851 exclusis
329 1786 516 1869 plerumque
541 1789 592 1851 sat
615 1786 770 1872 gravibus
793 1786 974 1871 disciplinis
998 1784 1230 1871 philosophicis

124 1913 219 1958 nero
243 1912 363 1976 magna
386 1913 424 1956 ex
447 1898 541 1976 parte
564 1893 663 1958 etiam
687 1892 820 1958 medicis
843 1898 876 1958 et
898 1893 1042 1958 iuridicis
1066 1891 1156 1980 (nam
1180 1913 1231 1956 ex·

124 2017 193 2063 ussa
214 1998 420 2083 theologicas
443 2000 551 2064 minus
575 2019 671 2085 aegre
694 1998 778 2084 fero)
797 2000 1044 2085 angustioribus
1068 2018 1139 2065 sese
1162 1998 1232 2063 fini·

124 2126 151 2168 ns
171 2104 726 2192 historicarum,philologicarum,
753 2106 1056 2172 mathematicamm
1080 2104 1231 2190 physica·

124 2232 221 2296 unque
249 2213 573 2297 circumsaepserunt.
619 2211 681 2278 Sed
705 2214 800 2278 mitto
825 2235 909 2279 nunc
932 2217 965 2278 et
986 2211 1070 2278 hanc
1093 2217 1126 2276 et
1150 2232 1231 2297 quae

124 2316 187 2383 tiam
211 2319 378 2404 graviores
402 2340 534 2384 caussae
559 2320 593 2384 in
616 2326 769 2404 promptu
794 2324 878 2404 sunt,
901 2341 958 2385 our
982 2323 1096 2404 suapte
1114 2324 1232 2384 natura

124 2443 182 2489 ures
205 2447 275 2491 esse
299 2425 481 2491 academias
505 2427 544 2511 ei,
566 2427 618 2491 cui
636 2427 807 2492 institutae
826 2448 896 2491 esse
914 2427 1072 2510 feruntur,
1095 2425 1231 2491 oonsilio

124 2548 218 2618 egem,
244 2533 354 2617 paullo
378 2536 453 2616 post
475 2532 539 2598 huc
561 2555 755 2600 reversurus.
801 2533 924 2610 Quodsi
947 2556 1045 2617 nunc,
1067 2554 1132 2599 non
1156 2532 1231 2619 quid

124 2635 147 2698 sl
165 2640 294 2723 possint
312 2640 363 2704 vel
387 2661 453 2704 non
478 2640 604 2723 possint
626 2644 802 2723 praestare,
826 2639 881 2704 sed
906 2640 983 2724 quid
1008 2639 1233 2725 praestiterint

124 2743 310 2828 lpraestent
333 2746 526 2830 quaerimus,
550 2747 693 2810 omnium
718 2747 858 2830 primum
884 2747 996 2831 procul
1015 2746 1164 2812 habenda
1183 2750 1233 2809 cst

124 2845 160 2914 lus
182 2853 365 2919 academiae
389 2853 604 2937 comparatio,
633 2854 765 2918 acuius
790 2854 935 2937 exemplo
960 2857 992 2916 et
1015 2852 1123 2936 effigie
1146 2856 1232 2916 recte

124 2964 292 3044 petuntur,
322 2965 483 3045 quotquot
515 2960 548 3024 in
571 2965 684 3024 nostra
706 2961 813 3045 patria
835 2959 983 3024 conditae
1008 2964 1084 3024 sunt
1106 2961 1139 3022 et
1161 2958 1233 3022 imi·

124 3065 187 3132 udo
213 3067 386 3132 formatae:
420 3089 517 3150 quam
546 3088 617 3130 esse
642 3065 921 3149 Francogallicam
952 3070 1096 3148 constat,
1129 3066 1233 3131 iustos

124 3184 160 3236 lm
186 3173 329 3238 honores
358 3176 563 3237 consecutam
593 3178 627 3238 et
657 3173 768 3238 debita
789 3173 895 3256 gloria
918 3173 1087 3238 fruentem.
1133 3171 1234 3256 Atqui

124 3290 154 3344 ln
176 3280 285 3343 minus
309 3284 437 3344 constat
460 3279 493 3343 in
512 3278 741 3364 Francogallia
764 3279 894 3363 quidem
917 3281 1049 3365 ingenio
1072 3279 1233 3344 doctrina·

124 3397 152 3449 le
177 3385 371 3449 excellentes
400 3384 548 3449 homines
582 3389 615 3448 et
650 3389 816 3469 tamquam
849 3385 957 3468 capita
991 3387 1172 3450 litterarum
1201 3384 1234 3448 in

124 3502 184 3556 hm
207 3491 276 3556 fere
301 3491 412 3554 urbem
436 3495 565 3556 coactos
590 3514 669 3573 esse,
692 3513 773 3574 quae
797 3512 869 3555 cum
890 3492 991 3575 ipsius
1011 3496 1118 3556 terrae
1139 3496 1237 3575 caput

124 3592 142 3680 l,
162 3597 409 3682 disciplinarum
433 3598 467 3662 in
486 3621 520 3662 sc
540 3597 650 3682 copias
669 3619 780 3662 omnes
800 3597 968 3681 complexa
986 3620 1062 3663 vera
1083 3603 1116 3663 et
1136 3619 1235 3683 propo

124 3722 151 3770 ts
183 3706 306 3771 artium
339 3704 587 3788 litterarumque
621 3704 711 3769 sedes
745 3708 862 3786 exstet,
895 3705 1094 3790 emergentia
1125 3709 1233 3768 autem

124 3834 144 3877 u·
168 3810 360 3899 provincias
388 3809 519 3895 ingenia
549 3809 702 3874 continuo
729 3808 849 3874 haustu
880 3810 1017 3874 asciscat
1047 3831 1169 3893 suoque
1198 3810 1233 3874 iu

124 3941 157 3985 tu
182 3917 339 4002 recipiat:
361 3919 477 3980 contra
500 3917 740 3997 universitates,
763 3916 883 3980 nostris
907 3916 1036 3999 quidem
1060 3916 1111 3980 vel
1130 3915 1235 4000 digni-

124 4031 151 4092 te
176 4046 276 4109 pares
300 4023 352 4086 vcl
375 4023 513 4088 consilio
538 4022 670 4105 similes,
693 4043 753 4086 nec
776 4023 809 4086 in
834 4023 1010 4105 provinciis
1032 4022 1146 4086 necin
1166 4022 1236 4104 ipsa

124 4137 161 4200 'oe
193 4133 326 4196 exstare
357 4130 499 4194 omnino.
546 4129 574 4193 A
606 4151 671 4213 qua
700 4129 889 4194 condicione
918 4130 1155 4195 diversissimas
1185 4151 1232 4193 ra·

124 4261 191 4308 nes
216 4237 378 4302 habemus
401 4234 486 4320 quod
515 4236 610 4299 nobis
634 4236 843 4318 gratulemur.
887 4235 977 4300 Intcr
1000 4259 1080 4321 quos
1105 4260 1124 4302 a
1147 4237 1235 4321 prin·

124 4351 166 4416 io
192 4343 414 4429 aequabiliter
436 4364 495 4426 per
513 4342 680 4406 universae
696 4339 888 4406 Germaniae
911 4343 1106 4427 provincias,
1130 4344 1238 4426 urbes,

124 4454 204 4524 >ida
235 4452 335 4531 longe
362 4448 491 4532 lateque
520 4446 731 4512 disseminata
760 4447 907 4512 doctrina
937 4470 1003 4514 non
1025 4448 1123 4513 modo
1147 4449 1238 4513 nulla

969 4550 1023 4604 ⁴8·
