2836 5034
431 368 696 423 samosrroms
720 370 923 421 rnnvrmsu.
1192 348 1261 419 9θό

149 514 252 583 tiriaus
272 538 311 583 er
329 512 508 583 Germanis
530 518 648 583 allatus
672 520 767 593 esset,
790 536 848 581 sno
867 514 937 581 iure
956 512 1117 601 Georgius
1135 512 1261 581 blernla

151 623 228 709 potnit
241 623 274 691 in
290 623 494 710 praefatione
513 626 590 691 anni
610 640 855 693 croccccnxxn
873 621 948 688 illas
966 620 1151 689 comoedias
1170 620 1260 709 ‘qua-

151 728 264 815 umus
283 730 403 798 abhinc
426 732 522 798 annia
544 730 707 817 repertas’
731 731 849 812 dicere,
878 751 945 796 non
967 752 1084 797 curans
1106 730 1258 815 pauculo·

152 856 201 901 ran
212 858 360 906 umorum
379 838 561 907 discrimen.
596 838 648 903 Ab
667 838 730 905 hoe
748 842 858 903 autern
876 838 1065 905 testimonio
1078 836 1260 923 profecturo

153 940 423 1013 mlumoarvu
439 946 639 1013 Voonarvrr
662 948 809 1031 apparet,
832 945 889 1029 qui
911 945 947 1010 in
969 942 1173 1031 praefatione
1195 944 1261 1011 erli-

108 1060 111 1143 j
154 1046 222 1115 ionis
246 1050 429 1119 Parmensis
461 1076 490 1119 a.
517 1072 635 1121 ororox
668 1053 807 1119 emissae
839 1051 879 1117 ds
908 1056 1055 1137 tempore
1085 1050 1261 1118 manifesto

108 1172 113 1209 Ι
155 1158 319 1225 mutiens
347 1158 433 1226 alius
460 1160 509 1225 rei
539 1158 864 1250 memoriampaullo
887 1157 1131 1225 obscurioribus
1153 1158 1260 1225 verbis

157 1258 372 1332 bariniscuit:
395 1264 440 1333 ‘si
454 1266 557 1333 codici
573 1288 645 1333 meo
658 1266 740 1332 fides
758 1264 942 1331 adhibenda
956 1262 1105 1331 Basileus
1117 1267 1260 1352 eacmpto

159 1380 242 1436 urm
266 1373 386 1440 abhinc
412 1394 513 1441 annot
550 1394 589 1439 ex
616 1394 656 1439 ao
689 1372 865 1457 exemplari
898 1393 916 1436 a
947 1392 1013 1458 qno
1042 1388 1094 1437 111
1125 1372 1261 1437 ultimae

161 1478 297 1545 mediae
324 1478 497 1547 Plautinae
529 1501 698 1547 annaneane
728 1476 902 1545 dicuntur?
947 1476 985 1545 ld
1016 1500 1082 1564 qno
1113 1482 1261 1565 spectare

158 1578 271 1671 imur,
287 1586 416 1671 planius
435 1608 474 1653 ex
493 1585 622 1653 Alberti
642 1586 682 1653 de
695 1585 769 1671 Eyb
783 1582 868 1672 (aira
881 1584 921 1651 ds
934 1580 1077 1671 synon),
1094 1584 1260 1653 vernaculi

155 1682 311 1759 bendum
342 1693 548 1779 interpretis,
578 1692 766 1759 narratione
793 1692 996 1777 intellegitur
1022 1714 1051 1757 a
1079 1706 1259 1761 emroxvur

152 1790 240 1863 &aba
263 1800 455 1885 consignata
481 1821 521 1865 ae
546 1799 686 1865 fortem
714 1820 781 1867 non
809 1797 941 1865 aliunde
968 1798 1098 1863 nisiex
1125 1795 1260 1883 Vgoleti

151 1900 316 1983 mettano
342 1906 460 1993 petitas
488 1904 604 1973 ‘Diese
631 1905 776 1973 hernach
803 1904 914 1971 swolff
936 1902 1168 1991 geealrr'iebeue
1196 1900 1258 1971 co·
1271 1912 1350 1957 ¹¹·1V

151 2008 265 2079 meua
286 2013 372 2079 seint
392 2013 489 2098 langa
516 2012 581 2077 neit
607 2010 671 2078 vol
698 2012 761 2096 bey
783 2008 1005 2077 iltnllbnndcrt
1026 2008 1162 2096 Jsbrsn,
1183 2010 1262 2079 oder

148 2113 224 2197 mbr,
237 2118 405 2185 rerlobren
421 2118 488 2185 und
506 2118 689 2205 verborgen
708 2136 870 2203 genesen:
888 2114 954 2183 und
970 2116 1109 2185 newliob
1126 2120 1161 2185 in
1179 2118 1260 2187 Oon·

148 2218 205 2287 tilio
221 2246 256 2291 aa
272 2224 371 2291 Basel
393 2224 493 2291 wider
515 2224 680 2311 gefunden
699 2220 850 2291 worden!
885 2220 1056 2291 ffictidum
1073 2225 1138 2293 hoo
1155 2248 1261 2313 omne,

149 2342 311 2417 mquam
337 2353 379 2399 ne
401 2328 585 2399 Niebuhrio
611 2330 742 2417 qnidam
764 2328 882 2416 Opusc
904 2329 922 2397 1
944 2354 975 2417 p.
1000 2332 1064 2399 163
1086 2334 1260 2420 quicquam

135 2436 305 2519 ¹Epitionie
332 2461 482 2507 morena:
510 2440 622 2506 fictum
649 2442 760 2505 autern
789 2438 832 2505 ab
860 2439 927 2523 eie,·
948 2438 1004 2523 qui
1027 2460 1101 2505 eum
1124 2440 1260 2527 quadra·

151 2542 273 2621 tranum
301 2570 320 2612 a
348 2546 493 2611 Merulae
520 2546 722 2631 praelatione
752 2568 871 2611 annum
900 2544 1045 2609 viderent
1072 2546 1106 2611 in
1134 2547 1165 2614 id
1192 2549 1278 2614 fere·

153 2646 244 2733 tenpus
266 2654 415 2737 incidere,
438 2676 503 2738 quo
527 2652 698 2718 concilium
723 2651 910 2716 Basileensc
934 2651 1084 2716 habitum
1108 2659 1194 2718 esset
1211 2660 1260 2719 tot

160 2756 259 2842 {liquis
290 2761 502 2845 scriptoribus
531 2760 670 2842 primum
692 2759 832 2842 repertis
858 2757 997 2840 illustre,
1020 2758 1136 2823 horum
1160 2761 1259 2825 socic-

164 2856 202 2923 Ηε
216 2863 360 2931 Plautum
384 2889 511 2951 qnoque
535 2872 568 2930 et
591 2865 680 2930 facili
703 2871 736 2928 et
759 2866 822 2930 levi
847 2866 1031 2930 coniectura
1054 2867 1261 2950 comprehen-

160 2958 237 3037 irent
280 2974 486 3040 Confidenter
521 2975 607 3039 enim
636 2974 777 3039 iudicare
806 2976 895 3057 licet,
922 2973 1008 3058 quod
1035 2997 1101 3041 non
1129 2998 1166 3041 ex
1196 2978 1260 3042 alio

157 3069 197 3136 liri
209 3099 240 3142 er
252 3080 431 3146 Vrsiniano
450 3082 593 3146 novicios
613 3082 714 3145 libros
734 3082 887 3146 oriundos
902 3103 973 3145 esse
992 3082 1065 3165 ipsa
1083 3084 1261 3167 scripturae

156 3190 328 3267 arguentia
351 3189 480 3255 clamat
528 3189 577 3252 lta
600 3188 684 3272 quod
710 3211 737 3252 v.
761 3188 804 3252 99
829 3190 861 3253 iu
885 3189 1023 3253 noviciis
1047 3189 1139 3254 libris
1163 3210 1261 3274 prave

154 3279 240 3369 legitur
258 3295 429 3375 ‹meraiiufi
452 3294 484 3360 id
508 3294 580 3359 inde
603 3301 711 3359 ortum
735 3302 793 3371 est,
816 3296 900 3380 quod
920 3296 1059 3379 simplici
1077 3298 1212 3376 arianos
1227 3296 1260 3361 iu

155 3408 197 3457 ⁰11⁰
210 3396 237 3462 D
252 3402 505 3486 superscriptum
530 3407 579 3465 est
601 3404 645 3466 ilc.
683 3402 733 3465 lta
756 3408 925 3485 corruptae
949 3425 978 3469 r.
996 3404 1062 3468 926
1082 3405 1261 3487 scripturae

156 3493 230 3578 loquor
248 3528 283 3571 ea
300 3507 443 3590 presenti,
467 3508 591 3589 laqueare
608 3510 637 3572 ei
656 3510 810 3590 proeliati
828 3509 986 3592 originem
1006 3534 1023 3573 e
1043 3533 1077 3574 rc
1097 3510 1262 3575 levissima

155 3598 194 3670 itt
214 3612 377 3700 duxerunt,
404 3616 489 3700 quod
517 3639 588 3681 cum
623 3617 731 3698 loquo-r
757 3617 891 3699 capienti
919 3619 969 3683 vel
999 3620 1123 3700 loquare
1145 3620 1261 3698 rrbsrali

156 3705 199 3777 BC
216 3718 363 3807 babeant,
390 3723 483 3787 exilis
515 3723 634 3787 lineola
664 3746 834 3808 perperam
864 3726 1002 3790 accessit
1032 3726 1064 3790 iu
1097 3726 1129 3791 Ῑ)
1152 3727 1261 3808 iopam·

157 3826 289 3909 wlfeni,
316 3852 412 3914 quam
440 3829 519 3896 adeo
549 3830 689 3895 servavit
711 3830 750 3894 F.
796 3828 885 3896 ldem
908 3832 944 3896 F
962 3831 1048 3917 quod
1073 3856 1101 3897 v.
1125 3834 1190 3897 999
1215 3836 1260 3898 in·

159 3920 265 4004 iipimrer
285 3936 423 4021 exhibet,
447 3939 549 4003 solam
572 3937 672 4003 habet
694 3937 779 4002 hanc
797 3960 954 4022 caussam,
977 3939 1062 4023 quod
1082 3942 1260 4024 proticisce-

160 4024 226 4101 bstiur
248 4065 266 4107 a
290 4044 406 4108 calami
433 4067 541 4109 errore
573 4067 636 4129 quo
669 4045 702 4109 in
732 4044 766 4109 J)
794 4047 986 4129 insipientior
1015 4048 1173 4131 scriptum
1203 4072 1261 4133 pro

163 4132 323 4221 fistulatim
366 4149 520 4216 Eiusdem
549 4152 671 4217 librarii
700 4173 806 4216 errore
835 4174 907 4218 aum
936 4177 964 4220 v.
987 4156 1055 4220 450
1083 4157 1117 4220 in
1146 4155 1179 4220 Il
1200 4157 1262 4235 fibi

166 4256 253 4351 llum
271 4258 407 4339 positum
431 4261 516 4323 esset
537 4280 596 4342 pro
619 4279 745 4322 renorma
767 4259 835 4342 felii,
857 4261 1007 4345 neglecta
1031 4284 1070 4327 ea
1088 4268 1175 4335 nota.
1198 4287 1262 4348 qua

171 4342 339 4427 interrorem
367 4364 436 4449 ipse
459 4366 663 4445 correxisset,
691 4388 810 4449 pravus
838 4368 916 4433 ordo
941 4371 973 4434 iu
999 4371 1101 4435 ΕΗ
1123 4373 1262 4438 transiit.

175 4442 191 4507 9

192 4460 311 4533 oronim
332 4470 424 4556 origo
446 4470 575 4537 horum:
597 4494 758 4554 tamquam
782 4496 810 4539 v.
833 4476 908 4557 330,
929 4499 1050 4566 priapus
1073 4481 1108 4544 iu
1135 4480 1166 4544 Ζ
1188 4482 1263 4565 941,

211 4574 238 4614 ¹2
251 4583 384 4629 unaarum
404 4594 540 4631 orvscvna
559 4594 584 4629 v.
1012 4590 1048 4636 ‘2⁰
