2836 5034
150 320 215 384 396
439 333 702 384 incensorium
725 332 773 381 on
795 332 1008 383 aenomaus

151 479 245 544 video
269 501 308 542 ex
333 476 452 561 Amph.
475 476 521 560 ΙΙ,
548 478 583 561 2,
612 479 663 542 Ὴ.
699 476 792 542 Asin.
819 476 848 561 Ι,
871 478 906 561 2,
929 477 982 543 26.
1020 473 1249 561 cistll‚1,21.

151 585 266 650 Pseud.
290 584 347 668 IV,
373 587 400 668 1,
423 586 453 649 2.
482 583 579 648 Poen.
602 582 662 668 Ill,
687 586 715 668 1,
738 585 790 649 31.
822 582 916 649 'l'ruc
939 583 982 667 ΙΙ,
1007 585 1038 668 6,
1059 584 1110 650 27.
1130 582 1178 668 Ν,
1194 586 1216 669 4,
1230 589 1249 652 l.

150 690 210 775 ΙΠ,
231 692 259 773 1,
284 692 301 755 7
327 690 438 772 allata,
461 712 502 754 ne
525 690 559 754 in
582 690 745 754 infinitum
769 693 894 755 crescat
917 690 1157 776 demonstratio,
1174 694 1251 757 stetin

152 797 260 862 omnia
283 797 369 862 infra
391 797 485 882 posui
509 797 711 863 emendatius
735 797 873 882 scripta,
899 819 940 863 ex
962 800 1057 883 parte
1079 798 1204 884 ipsorun
1219 821 1251 864 co

152 905 259 968 dicum
284 903 419 969 auxilio:

240 1025 314 1091 Ndn
339 1030 376 1092 tu
399 1027 472 1113 sois,
495 1027 645 1094 Bacchae
666 1028 839 1095 bacchanti
863 1027 966 1096 sicia
989 1029 1190 1096 aduorsdrier.

240 1124 314 1200 Mdo
345 1133 441 1198 modo
471 1133 589 1218 loquar
621 1155 703 1219 quae
734 1135 841 1202 culum
874 1154 950 1220 ego,
984 1157 1083 1221 quom
1113 1134 1191 1201 intus
1213 1158 1254 1201 nor

844 1242 1006 1307 licitdmst
1029 1241 1118 1308 mibi

242 1345 287 1411 Di
304 1369 355 1411 me
374 1344 524 1430 perdant:
544 1347 768 1433 quodcumque
786 1351 891 1434 optes,
908 1345 978 1431 ubi,
989 1349 1086 1414 uelim
1099 1345 1256 1434 contbgna

241 1453 324 1518 Tum
352 1452 432 1518 mihi
457 1451 641 1519 Calidorum
668 1454 779 1520 colunt
804 1457 971 1521 sernttum
999 1476 1072 1521 esee
1094 1458 1127 1521 et
1147 1455 1258 1521 lentncn

846 1561 1037 1627 extinctum.

240 1642 306 1732 vbi
329 1667 438 1750 cibas,
466 1666 541 1731 eccs
566 1666 604 1731 ae
628 1664 733 1732 ariano
758 1667 915 1752 quantum
937 1669 1042 1752 usquc
1064 1668 1143 1734 aaa
1164 1667 1263 1733 anm

240 1773 352 1838 Iamne
381 1771 556 1857 magnust?
588 1772 655 1837 irim
681 1772 843 1859 legionem
870 1772 1001 1858 electat,
1030 1796 1129 1859 quam
1154 1774 1264 1859 spoliis

847 1880 936 1946 uolt?

241 1982 315 2050 Soio
334 1989 496 2050 mecastor
515 1982 593 2070 quid
609 1987 660 2051 uia
680 1985 811 2071 etquid
830 1986 978 2071 pdstulas
997 1991 1032 2053 et
1051 1986 1129 2073 quid
1147 1988 1233 2074 petis.
1244 2022 1267 2033 -

242 2090 376 2168 Quaerit
399 2096 535 2177 patrem.
559 2092 630 2159 dico
655 2094 724 2160 esee
747 2093 782 2158 in
804 2094 898 2159 urbe:
921 2092 998 2179 quid
1021 2095 1112 2179 uelit,

240 2200 341 2284 Rogo.
365 2198 463 2264 homo
487 2221 672 2265 crumenam
696 2197 764 2265 sibi
787 2200 826 2266 de
849 2200 932 2267 collo
956 2199 1111 2268 detrahit

153 2322 215 2389 Sed
239 2323 278 2388 de
301 2325 371 2390 uolo
393 2324 499 2389 forma
521 2323 619 2410 longe
643 2324 708 2390 alia
731 2347 782 2391 ree
806 2329 866 2410 est,
888 2330 927 2391 ut
948 2329 1098 2411 patescet
1120 2327 1220 2393 infra:
1238 2325 1278 2392 nbi

153 2429 274 2513 aliquid
297 2431 451 2515 narrabo,
480 2431 571 2495 euius
594 2452 662 2495 non
684 2430 791 2496 minus
819 2432 904 2497 ratio
932 2431 1049 2517 lateat,
1079 2432 1198 2499 cadens
1218 2430 1280 2500 illud

152 2537 186 2600 in
208 2536 308 2601 rerba
331 2538 409 2620 sola,
433 2536 598 2602 exclusum
623 2558 642 2601 a
665 2538 859 2605 nominibus.

239 2644 316 2708 Non
348 2643 493 2708 infirmat
525 2647 632 2707 autem
663 2643 786 2728 legem,
823 2644 880 2708 sed
912 2643 1103 2730 confirmat,
1141 2647 1226 2733 quod
1252 2645 1281 2712 al

152 2752 272 2815 eisdem
300 2744 474 2835 bisyllabis
503 2751 599 2816 ducta
626 2750 836 2836 polysyllaba
864 2751 1036 2834 probatam
1066 2752 1101 2816 in
1129 2753 1198 2818 illis
1225 2774 1280 2817 con·

151 2858 344 2922 tractionem
372 2861 511 2921 servant.
558 2856 672 2941 Itaque
696 2860 733 2921 ut
758 2857 829 2922 berre
852 2861 884 2922 et
906 2859 999 2942 ritule,
1027 2858 1074 2923 sio
1104 2860 1206 2924 etiam
1228 2879 1281 2923 inu·

152 2964 299 3043 leficas
331 2968 365 3028 et
396 2962 680 3047 benefic-ium*)
704 2964 916 3046 pronuntiata
939 2968 1029 3029 sunt:
1067 2968 1105 3030 ut
1128 2967 1225 3049 elmeri,
1247 2966 1280 3029 is

87 3070 384 3137 cmdooricilium
416 3072 572 3153 quattuor
608 3070 743 3154 syllabis
765 3068 880 3136 Militis
903 3070 950 3155 Π,
978 3071 1013 3156 5,
1041 3072 1098 3137 bl:
1138 3078 1176 3137 ut
1204 3090 1280 3153 eirea

151 3178 199 3241 ita
234 3181 471 3242 scircctotem
507 3178 581 3260 plus
610 3177 717 3241 semel.
763 3176 905 3243 Rursum
942 3177 981 3243 ad
1019 3177 1117 3245 huius
1154 3176 1278 3246 vocabuli

152 3283 398 3349 similitudinem
421 3305 553 3367 prorsus
573 3284 693 3349 rationi
714 3285 942 3350 convenienter
959 3287 1206 3351 accommodate
1222 3288 1277 3349 sunt

151 3393 392 3474 ccoloptctcm,
420 3391 615 3455 uoluntate
642 3387 742 3476 (Trin.
769 3389 881 3478 1166),
908 3397 1137 3477 alacastona,
1164 3393 1275 3458 facus

151 3500 257 3584 crolup,
285 3500 402 3583 ebolena,
430 3518 541 3581 uertice,
570 3519 650 3583 quae
680 3499 742 3562 etsi
769 3498 802 3562 in
831 3520 928 3562 unam
957 3498 1125 3583 syllabam
1153 3500 1273 3580 eoneph

151 3604 246 3669 hodic
270 3606 355 3690 quod
379 3605 481 3669 sciam
505 3627 570 3669 non
594 3607 739 3687 exstant,
767 3608 877 3669 tamen
901 3605 953 3670 vel
977 3609 1156 3689 potuerunt
1178 3597 1267 3684 corripi

152 3713 200 3775 vel
231 3715 316 3775 certe
345 3734 400 3776 eas
429 3709 633 3775 condiciones
662 3710 812 3795 implent,
840 3710 957 3795 quibus
987 3713 1117 3777 munita
1138 3706 1262 3794 correpti

152 3820 264 3900 posset
286 3819 320 3881 in
344 3818 497 3882 derivatis
529 3816 666 3881 admitti.
712 3815 797 3881 Nam
822 3819 934 3901 quiin
958 3822 1114 3903 quattuor
1135 3810 1257 3884 vocabuli

152 3923 218 3986 illie
246 3923 498 4006 quadrisyllabis
526 3924 708 4008 neglectam
739 3947 809 3989 esse
836 3925 1033 4008 positionem
1060 3930 1100 4009 ct,
1123 3930 1170 4008 pt,
1193 3916 1256 4000 att

152 4029 336 4094 litterarum
356 4030 562 4113 contendunt,
584 4053 624 4095 ne
649 4031 729 4096 istos
754 4031 957 4116 probabilem
981 4033 1140 4098 rationem
1160 4024 1252 4125 reddet!
1297 4100 1301 4105 ,

152 4136 310 4219 iubemus,
328 4158 384 4199 cur
402 4136 500 4201 ionici
519 4159 703 4202 mensuram
723 4160 901 4222 numquam
920 4138 1002 4203 talia
1020 4142 1163 4225 aequent,
1181 4126 1250 4217 qudi!
1299 4212 1304 4221 ι

153 4246 230 4307 eunt
246 4243 466 4339 profecturum,
485 4244 672 4327 adeptorum,
688 4246 910 4328 pertenderunt,
927 4245 1115 4327 facultates,
1131 4240 1249 4326 patim

241 4434 267 4503 ⁸¹¹)
287 4434 341 4505 [Cf.
362 4434 464 4504 Opusc.
483 4434 552 4504 phil.
572 4436 597 4488 11
615 4453 642 4505 p.
658 4437 791 4508 tlosqq]
