2836 5034
155 285 222 348 404
444 299 707 348 eaouaaouaua
731 300 778 346 oa
801 299 1012 349 arriomnvs

245 441 365 518 Quodsi
398 445 528 526 praeter
553 447 646 525 pater
678 441 761 507 illud
793 441 986 527 quibusdam
1020 441 1056 506 in
1085 442 1160 508 locis
1183 466 1257 527 pauca

156 550 314 635 quaedam
338 550 404 614 alia
425 549 603 634 biayllaba,
630 552 667 613 ut
692 549 807 615 nimis
829 550 957 615 modas
978 551 1100 628 miser,
1129 550 1161 615 in
1178 573 1258 617 corun

155 680 237 742 quae
260 657 366 722 adhue
388 654 599 720 tractavimus
624 656 812 721 societatem
836 677 906 720 ease
930 655 1036 721 ascita
1057 655 1259 722 videsomnis
1304 650 1307 689 ¹

10 814 22 835 .
154 764 207 829 his
232 764 293 829 etsi
317 763 535 850 quaerendum
559 766 609 827 est
632 762 781 846 amplius,
804 765 914 827 tamen
933 761 968 826 in
985 784 1141 847 praesens
1156 763 1261 829 breviter

155 870 218 934 dici
241 869 303 935 hoc
326 873 443 954 potest,
466 870 556 934 etin
580 868 787 934 liberioribus
811 868 924 933 metris
948 890 1021 934 esse
1044 871 1153 936 omnia
1172 874 1203 936 et
1219 893 1261 937 na·

155 976 275 1040 nimam
308 979 433 1059 partem
467 975 518 1040 vel
550 980 723 1059 propterea
750 975 918 1062 ambigua,
951 976 1052 1062 quod,
1084 998 1154 1042 curn
1178 977 1210 1042 in
1227 978 1263 1043 bis

155 1082 266 1147 metris
290 1083 389 1147 etiam
413 1084 575 1166 correptio
605 1082 690 1146 inter
713 1082 809 1147 binas
833 1104 929 1149 voces
953 1084 1072 1153 media
1085 1083 1265 1167 admissarii,

156 1211 253 1274 saepe
276 1212 391 1274 parum
414 1189 538 1273 liqueat
562 1187 601 1252 ad
625 1192 734 1253 utrum
757 1189 815 1254 illa
839 1211 941 1274 genus
965 1189 1129 1275 pertinere
1145 1189 1265 1257 dicamus

156 1294 306 1362 Senarios
330 1296 594 1381 septenariosque
614 1317 686 1360 cum
704 1296 887 1362 trochaicos
906 1301 977 1362 tum
996 1296 1153 1364 iambicos
1171 1298 1207 1363 ab
1220 1298 1264 1363 illis

155 1404 305 1469 omnibus
334 1402 541 1467 abhorruisse
571 1402 786 1467 certissimum
810 1407 867 1469 est
914 1404 1031 1489 Apage
1055 1408 1163 1470 autem
1186 1426 1266 1472 soron

156 1515 188 1575 et
211 1510 325 1595 putida
348 1514 382 1575 et
403 1511 534 1575 indocta
556 1509 707 1593 artificia,
730 1511 785 1594 qui
809 1512 907 1576 etiarn
929 1509 985 1590 n'l,
1012 1510 1073 1589 s’d,
1090 1511 1152 1595 p’r,
1168 1513 1268 1596 proptr,

155 1618 216 1701 t’ln',
239 1617 304 1695 s’ln,
326 1617 421 1699 n’qna
439 1617 504 1700 er't,
522 1616 611 1700 ad'st,
630 1616 732 1695 t'bello,
751 1618 946 1695 condbinnm,
964 1617 1102 1702 enp'riri,
1119 1619 1270 1702 imp’n'tun,

154 1724 255 1807 enp'do'
282 1728 314 1789 et
342 1724 462 1789 similia
490 1723 665 1789 commenti
693 1728 769 1789 sunt
795 1746 855 1809 pro
878 1725 928 1791 nel
949 1727 1004 1791 scd
1018 1746 1079 1807 per
1102 1729 1137 1789 et
1158 1727 1272 1811 reliquia,

155 1835 251 1915 atque
275 1830 354 1896 adeo
377 1831 477 1914 nenrp'
491 1830 718 1910 Phormionem,
739 1831 806 1896 ind’
819 1852 949 1911 sunnon,
966 1832 1060 1897 'imm’
1077 1854 1161 1912 nero,
1183 1835 1230 1899 vel
1247 1834 1273 1913 'q

155 1936 185 2014 ’t,
208 1937 244 2020 'b,
267 1937 321 2020 'pa
345 1938 385 2002 'ln‘
407 1960 466 2023 pro
490 1939 525 2003 in
546 1944 576 2003 et
597 1938 633 2003 ob
655 1959 707 2021 epo
729 1939 786 2017 ibi,
811 1942 845 2004 et
867 1939 952 2025 quod
976 1962 1141 2007 summum
1164 1938 1272 2026 est,ql

154 2065 214 2126 pro
232 2044 308 2125 qnid
320 2047 353 2107 et
365 2046 457 2125 qnod:
476 2067 557 2128 quae
577 2066 684 2109 merae
702 2044 916 2130 praestrigiae
935 2050 1012 2112 sunt
1031 2052 1065 2113 et
1083 2048 1276 2133 glaucomata

626 2365 735 2413 caovr
759 2349 833 2414 XII.

243 2508 657 2592 Postquarninveteratum
679 2510 717 2573 de
736 2509 887 2593 neglecta
905 2510 937 2573 vi
956 2509 1132 2595 positionis
1153 2532 1282 2593 errorem,

154 2639 217 2700 quo
245 2617 325 2681 nihil
355 2618 429 2699 plus
458 2617 562 2681 obfuit
586 2617 755 2682 Plautinae
785 2617 956 2700 prosodiae
984 2620 1071 2683 recte
1100 2618 1282 2699 iudicanda,

83 2740 141 2778 CLX
156 2724 310 2788 radicitus
341 2723 490 2787 evellisse
519 2723 679 2805 videmur,
711 2723 836 2807 reliqua
866 2724 974 2807 capita
1005 2724 1120 2789 licebit
1150 2725 1199 2790 ita
1228 2744 1281 2809 per-

154 2832 320 2914 stringere,
344 2831 431 2894 utin
451 2831 496 2894 eis
515 2830 730 2913 potissimum,
754 2831 928 2914 dequibus
949 2831 989 2895 ab
1010 2831 1152 2896 aliorum
1172 2830 1282 2917 placitis

119 2946 125 2954 '
153 2937 233 3000 mihi
262 2960 331 3001 esse
361 2936 614 3001 dissentiendum
643 2936 783 3019 videam,
816 2958 900 3001 nuno
923 2936 1084 3002 subsistat
1107 2939 1284 3024 disputatio,

153 3046 280 3125 praeter
314 3048 420 3108 cetera
453 3047 561 3107 autern
595 3043 787 3107 certioribus
819 3044 938 3108 finibus
972 3067 1010 3108 ea
1042 3045 1284 3125 circumscribat,

153 3173 235 3232 quae
258 3172 322 3215 non
346 3151 498 3235 ignorata
522 3151 620 3233 vulgo
644 3155 754 3213 tamen
777 3150 875 3214 nimis
900 3157 1060 3236 vagantur
1083 3152 1284 3235 plurimorum

153 3259 313 3340 opinione.
346 3258 390 3321 Et
410 3259 562 3341 quoniam
582 3258 616 3320 in
635 3257 883 3321 usitatissimam
907 3257 1086 3323 binarum
1105 3260 1285 3324 vocalium

153 3366 364 3448 synizesim
392 3365 502 3448 paullo
528 3367 602 3428 ante
626 3364 731 3427 oratio
755 3363 881 3447 incidit,
908 3363 961 3429 hic
986 3387 1114 3451 quoque
1139 3366 1221 3431 illud
1242 3365 1285 3430 ob

152 3472 343 3537 servandum
368 3475 417 3534 est
439 3474 569 3552 praeter
592 3473 706 3552 cetera,
730 3473 766 3532 ut
789 3474 821 3533 et
844 3474 1023 3534 metrorum
1041 3491 1168 3553 genera
1191 3478 1223 3537 et
1243 3492 1285 3556 ge·

151 3600 228 3641 nera
256 3577 488 3642 vocabulorum
521 3576 767 3660 diligentissime
801 3575 1033 3641 discernantur.
1080 3576 1182 3643 Mitto
1214 3596 1282 3642 nune

151 3686 234 3749 (lein
271 3685 400 3749 <letarde
436 3682 565 3748 debinc
595 3683 709 3764 proin
740 3682 899 3764 proinde
929 3683 1099 3747 deorsam
1132 3702 1280 3750 seorsus

145 3797 282 3872 praent
304 3796 529 3873 praeoptare
553 3786 653 3874 (Tria.
677 3789 756 3873 648)
785 3789 881 3852 coire
907 3791 1029 3854 anteit
1055 3792 1214 3856 antehae
1238 3794 1307 3883 ing

151 3901 266 3962 troiae
284 3898 296 3968 l
300 3921 327 3961 v.
342 3895 396 3981 10)
417 3898 489 3979 alia,
513 3918 595 3980 quae
618 3918 794 3979 numquam
818 3896 882 3958 nisi
906 3901 1072 3961 contracte
1096 3898 1279 3964 dictasunt:

150 4026 227 4067 nam
250 4003 405 4080 introibis,
438 4002 476 4065 de
505 4023 567 4085 quo
592 4023 664 4064 vere
694 4002 759 4064 iarn
783 3999 948 4065 Bentleius
973 4003 1007 4066 in
1032 4002 1134 4069 Andr.
1159 4004 1196 4087 V,
1216 4000 1274 4079 29

151 4110 260 4191 sensit,
283 4131 324 4172 ne
348 4107 463 4172 Bacch.
486 4108 543 4190 IV,
567 4109 595 4190 8,
616 4109 657 4173 66
668 4106 699 4190 *)
725 4108 853 4192 quidem
878 4114 1032 4193 quattuor
1056 4133 1127 4175 esse
1151 4109 1277 4194 syllaba-

150 4240 221 4279 rum
246 4216 349 4298 cred0,
373 4217 428 4280 sed
453 4215 572 4299 aliquid
597 4215 751 4280 excidisse
775 4215 973 4281 huiusmodi:

256 4412 280 4479 *l
304 4412 356 4482 [lli.
377 4411 447 4464 Nov.
468 4426 525 4463 cxc.
547 4409 636 4462 Plaut.
658 4409 668 4460 l
688 4426 713 4477 p.
735 4408 790 4477 81]
