2886 5032
143 291 186 354 64
462 307 543 354 verr
567 306 718 355 svesans
741 306 803 354 aas
828 302 969 353 uocaus

376 500 380 506 ’
473 518 676 574 aristonis
696 519 773 574 vim
792 517 958 572 caucasi.

704 652 726 699 1.

185 748 236 817 (De
254 749 390 805 Italorum
408 750 530 821 ingeniis
549 755 578 806 et
596 752 695 805 studiis
718 769 751 806 ac
770 751 919 821 praecipue
939 748 973 803 de
992 748 1073 817 Bapt.
1093 745 1241 816 Egnatio.)

90 877 130 915 ass
217 858 243 914 S.
255 857 288 912 D.
315 858 455 925 Quantam
473 858 614 914 laetitiam
633 858 678 913 vel
697 859 789 928 potius
809 859 984 926 voluptatem
1003 855 1115 909 litterae
1133 854 1205 909 mihi
1224 857 1295 910 tuae

145 947 299 1015 attulerint,
322 947 461 1002 Bilibalde
479 949 522 1003 vir
545 948 707 1015 clarissime,
726 947 830 1001 tacitus
849 962 957 1000 mecum
978 942 1072 1014 cogito
1091 945 1185 1013 potius
1205 961 1295 1014 quam

144 1039 176 1090 ut
195 1035 333 1106 scripturo
353 1036 423 1092 mihi
442 1037 618 1092 verbannus
638 1035 825 1095 succederent,
857 1035 894 1088 Es
913 1037 945 1088 tu
962 1034 1047 1088 homo
1066 1036 1142 1088 certe
1160 1032 1294 1089 humani·

144 1129 203 1181 tate
222 1125 327 1179 nemini
346 1126 492 1194 secundus,
511 1127 587 1195 qnod
605 1126 642 1180 ad
660 1143 714 1194 mc,
733 1125 800 1179 licet
819 1125 902 1194 longo
920 1123 1046 1177 locorum
1065 1123 1157 1193 spatio
1176 1139 1295 1192 separa·

144 1218 218 1282 tum,
243 1214 474 1285 occupatissimus
497 1215 558 1286 ipse
577 1217 734 1270 litterarum
752 1213 860 1282 aliquid
879 1213 945 1268 dare
963 1230 1020 1267 non
1038 1211 1238 1277 intermiseris,
1264 1215 1296 1267 et

145 1304 187 1357 ita
204 1306 332 1357 amanter
349 1307 378 1358 te
398 1304 468 1357 mihi
486 1321 581 1357 rursus
599 1301 798 1370 insinuaveris,
816 1307 849 1357 ut
866 1303 937 1356 nihil
956 1301 991 1356 ad
1011 1301 1225 1356 benevolentiae
1244 1317 1294 1355 ou-

146 1393 253 1446 mulum
275 1393 342 1447 addi
365 1409 446 1462 posse
471 1392 668 1448 contenderim.
707 1392 795 1460 Quas,
814 1391 966 1458 Bilibalde,
989 1390 1043 1445 tibi
1060 1392 1141 1445 tanto
1159 1407 1214 1459 pro
1232 1407 1294 1444 mu·

145 1498 211 1536 nere
230 1484 332 1551 grates,
346 1483 356 1550 ss
370 1498 440 1550 quae
459 1481 573 1535 reddam
592 1481 699 1536 meritis
717 1498 842 1552 congrua
856 1480 929 1536 dona
946 1479 1021 1534 tuis?
1040 1479 1081 1533 De
1095 1479 1233 1535 Italorum
1250 1479 1293 1534 in·

146 1570 236 1640 geniis
255 1589 310 1626 uon
328 1570 436 1626 inficias
455 1586 497 1639 eo,
517 1569 583 1637 quin
601 1569 654 1624 illc
671 1570 729 1624 sint
746 1573 847 1640 vegeta
865 1572 894 1624 et
907 1568 1092 1639 ingenuarum
1106 1569 1210 1622 artium
1225 1567 1295 1623 aas

147 1661 298 1728 foecunda3
323 1678 380 1715 non
397 1661 493 1714 tamen
511 1675 597 1728 usque
617 1659 687 1714 adeo
705 1659 736 1713 in
754 1676 787 1714 ea
805 1675 834 1713 re
853 1658 924 1712 mihi
942 1657 1079 1712 excellere
1099 1657 1242 1728 videntur,
1261 1659 1295 1712 ut

148 1749 305 1819 complures
324 1766 357 1804 ex
374 1748 545 1803 nostratibus
564 1766 619 1804 non
639 1748 729 1803 solum
747 1766 802 1802 non
822 1764 943 1818 aequare
957 1745 1096 1802 Latialem
1114 1746 1195 1801 illam
1215 1763 1294 1802 men·

147 1838 185 1892 tis
204 1837 399 1905 acrimoniam,
428 1838 476 1891 sed
495 1838 580 1892 etiam
600 1838 686 1909 longo
705 1841 768 1909 post
786 1856 814 1892 se
833 1838 983 1893 intervallo
1002 1837 1159 1906 relinquere
1179 1835 1294 1891 videan-
1334 1872 1336 1903 ÷

147 1931 199 1982 tur.
237 1926 435 1997 Peregrinatus
459 1945 519 1980 sum
542 1925 577 1980 iis
599 1926 656 1981 iam
681 1927 795 1982 aestivis
819 1927 974 1982 studiorum
994 1925 1188 1982 vacationibus
1207 1924 1294 1996 paulo

148 2017 275 2084 liberius,
304 2032 395 2070 mores
421 2015 564 2069 hominum
591 2020 620 2070 et
645 2017 726 2070 urbes
750 2015 865 2086 propius
890 2016 1064 2086 inspecturus
1091 2013 1295 2085 grammaticos
1331 2038 1336 2093 j

148 2106 295 2176 plerosque
315 2105 445 2172 salutavi,
464 2105 561 2159 andivi
578 2120 633 2158 nou
654 2121 752 2174 parum
766 2105 878 2159 multos.
908 2104 963 2158 Sed
976 2104 1045 2172 quid
1057 2105 1137 2157 tum?
1156 2119 1192 2157 en
1207 2098 1295 2172 (quod
1330 2106 1336 2173 i

95 2209 135 2250 aaa
149 2211 218 2265 pace
242 2194 359 2248 aliorum
383 2192 510 2260 dixerim)
534 2192 610 2247 solus
634 2193 763 2262 Baptista
780 2193 918 2262 Egnatius
945 2191 976 2246 in
994 2191 1166 2246 Venetorum
1194 2166 1336 2483 detq

148 2283 258 2338 tissima
276 2283 344 2337 urbe
363 2283 492 2338 inventus
512 2286 562 2350 est,
581 2283 629 2352 qui
647 2283 742 2353 graeci
760 2283 895 2351 latinique
915 2281 1050 2336 sermonis
1069 2281 1142 2335 mira
1158 2280 1246 2335 iacun
1267 2279 1275 2291 '

149 2373 263 2441 reliquis
290 2372 419 2428 omnibns
446 2372 529 2442 longe
554 2372 725 2441 praestabat
762 2371 855 2426 Ductu
878 2369 955 2424 illius
980 2387 1013 2425 ac
1039 2387 1125 2439 opera
1150 2382 1296 2425 rarissima

149 2478 276 2531 quaeque
300 2477 332 2515 ac
356 2460 416 2515 visu
442 2459 607 2530 dignissima
630 2463 691 2516 toto
715 2461 864 2528 quatriduo
888 2459 946 2514 illic
966 2477 1027 2512 sum
1046 2457 1212 2528 diligentins
1230 2473 1295 2514 con·
1330 2494 1336 2527 ,

149 2551 309 2620 temptatus.
346 2550 460 2606 Fecit
451 2568 476 2604 rs
503 2550 578 2606 inter
605 2550 774 2619 loquendum
800 2547 843 2603 tui
868 2549 980 2618 saepius
1003 2564 1087 2616 quam
1110 2547 1334 2603 honorificam
1329 2574 1336 2607 ε

149 2640 320 2695 mentionem
348 2656 381 2693 ac
406 2639 520 2694 tandem
558 2658 624 2709 qum
661 2657 705 2694 me
734 2638 919 2693 discessurum
951 2636 1140 2707 pulcherrimo
1172 2635 1295 2705 quodam
1327 2678 1334 2697 -,

150 2729 298 2782 chartaceo
325 2744 437 2781 munere
463 2729 540 2798 prius
566 2728 711 2795 donasset,
686 2725 768 2781 tid
794 2725 891 2781 crebro
917 2725 1089 2780 inculcabat:
1123 2724 1294 2780 Bilibaldun

150 2820 241 2883 tuum,
271 2815 357 2869 immo
376 2833 482 2885 meum,
510 2817 596 2871 immo
615 2818 754 2883 nostrum,
782 2815 821 2869 mi
840 2815 918 2882 Vite,
947 2831 1010 2869 meo
1028 2814 1140 2870 nomine
1160 2812 1296 2870 salutabis

151 2903 309 2973 plurimum.
338 2903 401 2958 Non
421 2906 515 2973 potest
534 2905 597 2973 dici,
616 2904 764 2970 Bilibulde,
784 2922 868 2973 quam
887 2905 972 2958 homo
990 2903 1039 2957 ille
1058 2903 1117 2959 sine
1136 2906 1294 2959 controver·

152 2993 194 3046 sia
213 2991 388 3047 doctissimus
407 2995 435 3046 te
450 2993 527 3047 colat
540 2992 621 3048 unice
636 2994 819 3062 observetque
833 2996 1001 3061 reverenter,
1020 2993 1096 3062 quod
1109 2993 1174 3047 idco
1188 2990 1297 3064 scripsi,

152 3085 183 3135 ut
201 3080 372 3150 intelligeres
387 3080 566 3137 Germaniam
584 3085 709 3137 nostram
728 3083 820 3150 quoad
835 3083 913 3136 illam
933 3082 1109 3152 ingeniorum
1128 3082 1297 3138 beatitatem

151 3187 207 3225 non
225 3170 254 3224 in
272 3171 419 3239 postremis
438 3171 605 3228 collocatam
625 3189 693 3226 esse.
732 3172 865 3241 Quodsi,
884 3175 917 3225 ut
934 3169 1032 3226 scribis
1052 3170 1206 3239 vcmssime,
1226 3169 1296 3225 Ger·

152 3259 241 3314 manis
267 3250 395 3326 munera,
423 3277 495 3328 quae
515 3260 605 3329 Italis,
634 3261 669 3315 ob
689 3261 844 3315 doctrinam
862 3262 1095 3331 pr·oponerentur;
1128 3259 1203 3328 (quia
1222 3258 1298 3315 euim

152 3349 285 3404 virtutem
308 3349 487 3417 amplectitur
511 3349 610 3420 ullam,
636 3349 762 3418 praemia
786 3350 809 3404 si
832 3350 947 3417 tollast)
971 3349 1098 3419 protinus
1121 3347 1219 3404 omnia
1241 3349 1299 3405 iam

153 3443 246 3493 esseut
268 3439 345 3504 alba3
375 3437 424 3491 sed
448 3437 494 3492 hei
517 3456 568 3492 uos
591 3445 690 3493 ventus
715 3439 819 3508 pascit,
848 3440 1020 3507 pascuutque
1039 3436 1136 3490 inania
1155 3437 1245 3492 verba
1262 3436 1300 3493 ob

153 3528 236 3596 idque
260 3527 333 3580 male
353 3543 416 3580 cunr
435 3526 568 3581 litteratis
587 3529 680 3597 agitur
699 3527 773 3581 viris.
812 3528 945 3582 Desertae
964 3534 1029 3581 sunt
1045 3524 1173 3596 patronis
1192 3526 1299 3581 Musae.

153 3615 207 3668 Vix
221 3633 291 3669 unus
306 3631 339 3668 ex
354 3614 519 3669 Germaniae
538 3615 709 3686 principibus
728 3615 828 3670 studiis
848 3616 897 3670 dat
915 3616 999 3671 molle
1015 3615 1100 3671 otium
1117 3615 1301 3685 animumque

153 3721 169 3757 a
189 3703 261 3758 curis
281 3703 407 3772 extricat,
426 3706 458 3758 ut
475 3704 547 3759 nihil
565 3705 599 3759 de
618 3705 709 3760 lodice
728 3704 853 3775 paranda
867 3705 1003 3760 attonitus
1017 3704 1123 3773 aliquid
1139 3703 1301 3775 amoliatur,

153 3793 228 3861 quod
247 3793 365 3862 posteris
385 3809 495 3862 quoque
513 3792 635 3862 gratiam
654 3794 803 3849 conciliare
822 3795 918 3865 possit.
946 3794 1001 3848 Sed
1019 3793 1172 3862 prohibent
1190 3810 1237 3849 me
1256 3811 1301 3852 ce·

153 3886 214 3936 tera
232 3881 338 3936 Parcae
361 3880 469 3950 farique
495 3885 571 3936 velat
591 3883 721 3938 Saturnia
739 3886 816 3941 luno.
855 3884 935 3951 Quod
953 3883 1028 3954 apud
1047 3900 1097 3937 vos
1115 3881 1229 3938 litterae
1249 3881 1302 3938 mi·

153 3991 214 4025 rum
234 3973 261 4025 in
280 3971 391 4025 modum
411 3971 508 4027 florere
527 3971 676 4041 incipiant,
702 3974 810 4043 gaudeo
831 3973 970 4027 communi
989 3971 1098 4042 patriae
1117 3987 1175 4025 non
1194 3971 1302 4027 medio·

102 4071 142 4113 asa
156 4061 252 4129 ariter,
280 4060 506 4128 quandoquidem
526 4061 648 4115 futurum
668 4079 761 4131 spero,
790 4066 821 4117 ut
840 4066 959 4117 tremens
978 4063 1033 4115 iam
1053 4077 1140 4130 prope
1160 4077 1195 4115 ac
1214 4060 1302 4116 vacil-

154 4151 214 4204 lans
233 4150 376 4204 barbaries
395 4150 469 4204 iutra
488 4151 571 4205 breve
591 4153 701 4220 tempus
720 4154 781 4206 tota
799 4152 928 4220 pellatur.
957 4149 1037 4217 Quod
1051 4153 1082 4202 ut
1096 4148 1155 4217 fiat,
1174 4149 1218 4204 tui
1232 4166 1302 4219 quo·

154 4256 208 4308 quc
237 4240 357 4293 muneris
385 4239 448 4306 erit;
479 4239 591 4293 interim
615 4241 709 4292 autem
733 4238 849 4293 Luciani
873 4239 982 4293 libellos
1014 4254 1083 4306 quos
1113 4238 1239 4307 parturis
1270 4242 1304 4296 ut

154 4347 238 4398 quam
257 4329 377 4398 primum
396 4327 522 4394 enitaris,
543 4327 676 4381 Lucinam
697 4327 755 4396 ipse
775 4329 892 4397 supplex
910 4328 1061 4396 invocate,
1080 4330 1112 4381 ut
1130 4344 1215 4398 operu
1235 4329 1303 4385 huie

155 4419 232 4489 operi
251 4419 438 4487 pulcherrimo
458 4420 543 4485 ferat,
566 4434 621 4483 quo
644 4416 663 4469 ii
689 4417 736 4484 qui
766 4418 954 4472 mansuetiora
972 4419 1115 4470 sectantur
1134 4416 1240 4486 studia,
1267 4433 1303 4473 ex
