2836 5034
158 313 222 378 528
446 323 708 374 cnonasounnn
732 325 780 372 nu
804 323 1017 373 nnnroumvs

159 477 336 559 apparatus
369 478 403 537 et
434 471 660 537 laudationum
692 470 812 535 honos:
851 469 906 534 scd
939 469 1089 535 ludorum
1118 471 1247 556 amplitudo

160 603 258 666 quam
286 602 351 643 non
374 579 526 664 frequens
553 577 668 659 fuerit,
696 577 788 662 gravi
816 576 1012 642 documento
1036 577 1251 662 diligentissimo

160 689 309 753 ludorum
333 687 478 751 omnium
498 689 666 750 enarrator
685 683 798 749 Livius
816 705 888 748 esse
907 688 1028 769 potest,
1049 685 1083 749 in
1101 686 1181 751 onius
1195 683 1254 749 libris

161 794 253 859 XXV
274 794 336 859 duo
356 797 484 857 tantum
504 793 566 856 nisi
586 791 682 856 fallor
700 791 888 855 testimonia
911 796 1043 856 exstant
1061 791 1099 856 de
1117 791 1258 857 frmebribu

161 902 246 966 ludis
270 901 345 966 inde
368 923 388 964 a
411 901 532 964 saeculi
555 922 586 982 p.
609 923 639 964 u.
664 921 689 964 c.
713 900 797 963 sexti
822 917 1029 964 anno-xxxv
1053 900 1093 964 ad
1116 918 1260 967 atnxvu

161 1011 338 1074 factorum:
376 1030 514 1092 quorum
542 1006 662 1072 alteros
686 1006 729 1071 M.
753 1007 894 1072 Aemilio
918 1007 1042 1092 Lepido
1064 1006 1146 1072 filios
1166 1006 1261 1073 anim

162 1117 308 1180 Marcum
343 1114 498 1190 Quintum
532 1113 659 1178 dedisse
692 1106 921 1199 a.1)xrixvi11,
954 1115 1076 1180 alteros
1108 1114 1150 1178 M.
1172 1113 1263 1180 voert

162 1224 303 1289 Laevino
327 1221 361 1286 P.
386 1226 418 1286 et
441 1221 484 1286 M.
517 1222 600 1286 filios
633 1244 661 1285 a.
684 1239 768 1285 Dnlv
801 1221 943 1306 prodidit
975 1221 1032 1285 lib.
1058 1221 1181 1304 XXIII,
1200 1223 1266 1287 Mt

163 1328 283 1410 XXXI,
297 1329 349 1393 50.
385 1328 429 1392 Et
453 1328 523 1411 hos,
546 1329 614 1393 sive
638 1328 765 1413 aliquot
787 1329 871 1393 alios
894 1329 1026 1394 silentio
1051 1333 1162 1413 praete
1188 1330 1269 1386 21:01

162 1435 291 1500 Livium
314 1436 404 1501 nullo
428 1438 620 1521 argumento
649 1436 839 1520 conieceris,
869 1457 933 1521 quo
957 1436 1092 1500 tandem
1116 1456 1268 1520 argona*

164 1566 230 1608 non
262 1543 368 1608 dicam
401 1543 543 1627 evinces,
575 1544 631 1607 sed
664 1543 877 1627 probabiliter
905 1544 1118 1628 persuadebis
1146 1566 1297 1609 secema*

165 1649 287 1715 fuisse?
325 1673 396 1714 cum
424 1651 457 1714 in
485 1650 547 1714 hcc
575 1672 702 1735 quoque
730 1655 938 1735 generatam
963 1651 1103 1717 mirifica
1126 1651 1209 1716 illins
1232 1680 1258 1706 ιι
1295 1660 1299 1743 J

164 1758 277 1840 gentis
300 1757 460 1821 exstiterit
482 1761 528 1840 ut,
551 1757 711 1843 siquando
730 1758 830 1821 etiam
852 1758 991 1824 scaenici
1010 1758 1063 1823 vel
1081 1758 1217 1824 Romani
1229 1758 1248 1823 l=
1268 1829 1269 1832 ,

165 1864 215 1926 vel
239 1863 442 1950 Megalenses
469 1865 520 1928 vel
549 1865 606 1929 alii
634 1865 788 1949 fuissent,
821 1865 853 1929 id
882 1865 1010 1930 curiosa
1038 1864 1104 1929 fide
1132 1887 1211 1931 anno

164 1969 209 2033 Et
231 1972 264 2036 in
282 1970 397 2056 Lepidi
421 1977 518 2057 atque
537 1972 671 2037 Laevini
696 1973 779 2038 ludis
804 1995 842 2036 ea
865 1972 904 2036 de
928 1995 964 2037 re
983 1972 1113 2038 Livium
1137 1977 1222 2038 tacto
1247 2005 1254 2015 ι

164 2077 265 2141 fuisse
289 2078 349 2143 hcc
373 2080 479 2143 minus
503 2080 656 2145 credibile
680 2083 742 2162 est,
766 2080 852 2164 quod
876 2081 910 2145 in
933 2080 1081 2164 utrisque
1105 2082 1173 2145 dati
1197 2110 1228 2136 ιιι

165 2185 237 2249 torti
259 2189 396 2252 merueris
418 2188 609 2252 nominatim
633 2187 832 2251 mentionem
855 2186 941 2252 fecit.
973 2186 1024 2251 Ex
1043 2187 1097 2252 his
1121 2189 1220 2274 igitur
1292 2272 1299 2278 ,-

165 2292 273 2375 inepte
296 2294 408 2378 colligi
427 2294 561 2380 videtur,
585 2294 753 2379 aliquanto
777 2293 989 2379 posteriorem
1015 2298 1161 2359 aetatem
1183 2295 1242 2360 de

165 2400 329 2464 scaenicos
354 2400 446 2464 ludos
471 2402 568 2466 etiam
592 2402 632 2467 ad
655 2403 816 2486 privatam
839 2401 1099 2466 munificentiam
1123 2402 1236 2466 ascitos

164 2506 258 2570 disse.
291 2506 370 2570 Tam
391 2512 498 2572 autem
523 2509 665 2574 incertus
689 2531 761 2572 cum
786 2507 936 2572 ludorum
958 2506 1149 2572 funebrium
1173 2509 1205 2572 in
1230 2537 1242 2552 ι

164 2615 264 2678 tanda
286 2637 320 2677 re
344 2615 491 2679 scaenica
514 2615 735 2680 Romanorum
753 2637 832 2678 usus
852 2615 1048 2699 apparuerit,
1074 2615 1162 2679 haud
1183 2615 1258 2679 seio

165 2721 248 2783 alius
272 2722 439 2786 cuiusdam
463 2713 723 2787 ratiocinationis
748 2745 825 2786 suae
850 2721 989 2786 Meierus
1013 2744 1080 2787 non
1105 2723 1252 2787 nimium

164 2850 226 2891 nex
260 2829 388 2893 futurus
423 2831 483 2894 sit:
530 2830 616 2913 quali
651 2832 770 2894 memet
800 2829 904 2893 fateor
938 2851 978 2892 ne
1012 2851 1149 2893 usurum

27 2959 152 2999 cccxxii
167 2935 280 2999 fuisse:
317 2937 471 3000 nimirum
500 2942 729 3020 argumentum
759 2937 885 3000 fabulae
913 2936 953 2998 ad
978 2937 1188 3000 severitatem
1208 2957 1235 3019 qr
1266 3004 1267 3008 ,

165 3044 238 3105 dam
263 3066 388 3107 morum
409 3047 441 3106 et
460 3043 629 3107 tristitiam
649 3043 848 3126 compositae
868 3044 901 3106 in
919 3042 1073 3107 funebres
1093 3042 1188 3107 ludos
1212 3071 1225 3098 ιι
1237 3086 1238 3093 ι

165 3171 261 3231 quam
290 3151 322 3214 in
352 3151 553 3234 Megalenses
584 3151 762 3215 convenire.
809 3148 894 3213 Nam
923 3149 1008 3233 quod
1038 3154 1205 3232 praeterea
1232 3172 1262 3201 ιιι

165 3278 230 3320 non
254 3280 350 3341 posse
375 3281 439 3321 non
464 3259 581 3343 frigere
605 3258 761 3341 Lysitelis
785 3281 813 3321 v.
838 3257 903 3320 (395
927 3256 1120 3320 ludibrium:
1159 3253 1247 3337 Quid?

164 3366 340 3428 dictatorcm
360 3386 457 3430 censes
474 3366 549 3445 (bre,
573 3366 601 3427 si
619 3364 673 3427 obs
693 3370 719 3427 te
736 3385 847 3446 aprrcm
865 3364 1056 3445 occeperim?
1080 3363 1144 3428 hoc
1163 3365 1188 3428 si
1206 3384 1256 3425 ιιιιι

164 3478 240 3554 post
263 3495 382 3536 annum
406 3491 479 3536 Dan
504 3472 625 3535 dictum
651 3475 750 3552 esset,
778 3471 897 3555 quippe
923 3492 985 3553 quo
1009 3493 1097 3535 anno
1122 3472 1254 3536 dictato

167 3577 316 3643 Plautina
349 3585 438 3643 aetas
472 3583 635 3663 postremo
670 3578 817 3641 vidisset:
855 3578 901 3641 ita
929 3578 1083 3661 quoniam
1115 3579 1156 3642 ad
1183 3597 1256 3642 sens

165 3707 215 3748 res
249 3686 353 3749 omnis
383 3688 512 3750 redacta
540 3690 603 3769 est,
637 3707 701 3748 non
733 3685 837 3749 habeo
871 3685 955 3768 quod
988 3686 1216 3768 respondeam,
1245 3720 1247 3735 =

166 3793 245 3856 mihi
269 3817 332 3858 non
357 3795 482 3878 frigere.
518 3793 604 3857 Satis
629 3793 714 3857 enim
734 3814 877 3875 caussae,
901 3815 957 3856 cur
976 3794 1097 3855 summi
1119 3795 1173 3877 qui
1192 3793 1272 3857 lar<

165 3906 251 3964 esset
278 3902 413 3965 honoris
444 3901 662 3985 appetentiam
692 3898 873 3963 Lesbonico
903 3898 1065 3981 Lysiteles
1096 3922 1154 3982 per
1181 3920 1264 3963 acne

165 4009 252 4071 niam
277 4009 442 4092 tribueret,
467 4008 571 4072 sentio
596 4008 629 4071 in
654 4007 700 4070 eis
725 4006 824 4070 fuisse
849 4007 965 4090 quibus
990 4006 1047 4070 ille
1066 4008 1195 4072 consilii
1212 4029 1265 4070 οιι·1

165 4117 329 4179 nationem
355 4138 514 4179 summam
539 4115 709 4179 fastidiosa
727 4113 861 4178 honoris
885 4114 935 4176 sui
958 4112 1141 4180 iactatione
1159 4122 1241 4181 tuere
1257 4138 1266 4165 ι’·

168 4223 376 4300 dehonestet,
404 4245 451 4286 mc
474 4228 575 4287 arctoa
598 4222 770 4286 conlutitet:
807 4221 877 4284 Tibi
899 4221 941 4284 sit
963 4221 1205 4289 enwlumcrrtam
1245 4245 1284 4276 ⁴*

164 4330 209 4393 ris
233 4353 258 4393 e.
284 4353 313 4413 q.
338 4355 362 4394 s.

254 4437 425 4501 Praeterea
455 4437 611 4519 scriptum
640 4437 742 4499 fuisse
771 4435 801 4497 in
833 4434 1013 4499 didascalia
1043 4454 1190 4505 GRAECA
1214 4448 1292 4502 tart
