2886 5032
147 322 213 386 682
527 330 761 380 aanalnrscna
785 329 915 377 anona.

150 502 238 545 mum
262 477 496 563 recogitamus,
523 476 641 561 quibus
669 472 848 558 primordia
875 495 935 537 sua
959 473 1145 538 litterarum
1167 472 1306 536 unirer—

149 588 231 652 sitas
247 583 477 667 Berolincnsis,
494 582 766 648 instaurationem
785 581 826 646 ab
846 580 1055 645 institutione
1072 600 1139 644 non
1157 579 1306 646 multum

149 694 310 758 diversam
334 689 601 755 Vratislaviensis
624 688 751 753 debent.
786 685 971 752 Contractis
994 685 1114 751 finibus
1138 685 1179 751 ad
1200 686 1306 753 dimij

150 799 237 864 diam
266 799 316 863 sui
339 802 465 881 partem
488 796 562 879 ipsa
585 794 700 859 civitas
723 793 867 859 redacta:
896 815 936 858 ne
961 793 1144 858 insalsum
1166 800 1306 878 portent

151 906 280 990 quidem
311 904 414 968 libera
443 902 634 985 dominatio,
667 901 723 966 scd
753 900 1047 966 contumacissimis
1079 900 1306 984 superbientia

151 1013 283 1078 victoris
302 1011 429 1076 iniuriis
448 1013 545 1094 atque
564 1008 790 1074 vexationibus
809 1008 947 1093 turpiter
962 1007 1118 1072 coercita:
1138 1007 1306 1072 exhausta„

151 1120 201 1185 vis
229 1118 390 1202 roburque
419 1116 672 1200 provinciarum:
705 1114 822 1179 aerarii
850 1114 1026 1179 difficultas
1054 1114 1200 1197 proxima
1223 1113 1306 1180 ru?

151 1246 227 1289 nae:
250 1225 374 1289 fractus
398 1226 431 1286 et
453 1221 687 1306 propemodum
710 1221 855 1286 abiectus
874 1220 994 1285 civium
1014 1220 1156 1285 animus:
1178 1220 1306 1286 salut?

151 1354 209 1397 neo
232 1353 304 1415 spes
327 1350 387 1394 nec
409 1327 464 1393 ria
485 1329 519 1392 in
543 1332 704 1413 promptu.
746 1325 815 1392 Nec
836 1333 948 1393 tamen
970 1329 1022 1392 tot
1044 1332 1213 1413 tantaeque
1233 1327 1306 1393 de

151 1436 302 1522 sperandi
331 1456 465 1500 caussae
493 1436 668 1520 impetrare
697 1436 738 1500 ab
762 1435 871 1500 animo
895 1457 970 1499 vere
994 1434 1086 1520 regio
1111 1440 1258 1519 potuemn
1271 1443 1306 1500 t

150 1544 229 1628 quin
252 1543 381 1607 omissis
405 1542 639 1627 aliquantisper
661 1542 747 1608 curis
770 1542 926 1625 proximis
946 1547 980 1607 et
999 1541 1040 1606 ad
1059 1542 1147 1627 ipsas
1165 1542 1306 1607 urendi

152 1649 464 1734 administrandiqne
488 1650 698 1714 necessitates
722 1648 976 1734 pertinentibus,
997 1647 1208 1714 Humboldtio
1227 1670 1296 1732 po-

150 1755 314 1820 tissimum
343 1760 474 1822 auctore
503 1760 537 1821 et
563 1778 696 1822 suasore
724 1756 764 1821 ad
788 1777 859 1821 eam
883 1754 1065 1820 studiorum
1088 1754 1192 1820 sedem
1212 1775 1288 1818 con-

152 1861 290 1926 dendam
315 1884 385 1927 sese
409 1864 596 1948 applicaret,
619 1884 702 1948 quae
725 1885 790 1927 non
813 1862 992 1927 multorum
1015 1881 1172 1926 annorum
1193 1862 1278 1925 inter·

151 1968 238 2032 vallo
263 1968 396 2052 optimis
423 1969 589 2035 doctrinae
617 1969 776 2033 fructibus
801 1972 924 2033 ceteras
948 1967 1144 2033 Germaniae
1165 1967 1272 2032 unirer·

151 2075 266 2140 sitates
290 2081 458 2161 aequaret,
486 2076 669 2140 lautissimo
693 2075 802 2140 variae
826 2074 1018 2139 eruditionis
1042 2078 1196 2159 apparatu
1214 2071 1268 2136 rin·
1304 2066 1306 2071 ’

150 2185 245 2247 cerat.
290 2181 379 2247 Talis
410 2182 511 2268 igitur
541 2182 697 2267 principis
728 2204 853 2247 sacram
882 2181 1076 2246 memoriam
1105 2180 1262 2266 quodcum

151 2287 416 2353 Berolincnsibns
438 2312 498 2354 nos
522 2288 711 2354 Bonnenses
738 2288 888 2372 hoodie,
916 2288 971 2372 qui
994 2287 1051 2353 Illi
1078 2289 1193 2354 natalis
1211 2286 1224 2349 f
1240 2284 1262 2362 l,

150 2395 323 2478 quotannis
347 2395 533 2480 recolimus,
557 2417 595 2460 ea
617 2395 749 2479 pictatis
773 2417 810 2460 ao
832 2395 1033 2459 reverentiae
1057 2394 1260 2481 significatione

150 2523 217 2566 non
239 2503 347 2567 minus
370 2502 516 2586 profecto
540 2501 641 2586 ipsius
661 2501 774 2566 virtuti
794 2522 892 2586 quam
911 2501 1013 2566 animi
1032 2502 1161 2566 affectui
1178 2501 1260 2565 nostro

151 2608 338 2674 satisfacere
370 2609 559 2674 videbimur.
611 2607 818 2692 Pertinetque
850 2606 891 2672 ad
924 2629 997 2672 eum
1030 2629 1161 2673 sensum
1191 2606 1258 2672 euru

151 2714 255 2799 magis
284 2714 490 2779 excitandum
520 2715 837 2798 confirmandumque
865 2715 1077 2800 hocipsum,
1110 2715 1191 2800 quod
1210 2728 1259 2777 oum

151 2821 244 2885 huius
273 2821 336 2886 diei
365 2822 584 2885 sollemnitate
613 2822 810 2905 sempiterno
835 2822 962 2886 vinculo
991 2823 1116 2888 sociare
1138 2821 1209 2887 iussi
1226 2837 1258 2880 su·

150 2950 231 3011 mus,
254 2928 466 2992 certaminum
489 2928 722 2992 litterariorum
746 2928 933 2992 inst'tutum
956 2929 1218 3012 victoriarumque
1235 2941 1259 2984 o
1303 2926 1306 3009 l

150 3033 214 3096 illis
247 3036 485 3117 reportatarum
518 3034 649 3117 publica
681 3033 889 3098 renuntiatio.
911 3069 916 3077 ·
935 3033 1015 3097 Ilius
1049 3036 1133 3100 enim
1165 3024 1260 3099 consilii

149 3139 215 3202 vim
238 3162 303 3204 non
326 3140 488 3204 immerito
513 3133 559 3203 sic
582 3140 883 3223 interpretabimur,
915 3146 951 3203 ut
978 3140 1157 3206 facinorum
1179 3137 1261 3226 potius

149 3245 277 3309 disertis
310 3245 511 3312 documentis
549 3269 645 3331 quam
674 3248 844 3311 verborum
880 3247 1048 3311 lenociniis
1081 3254 1114 3313 et
1144 3241 1262 3334 quanvis
1304 3306 1306 3317 ,

150 3350 304 3416 facundae
329 3353 487 3417 orationis
511 3353 678 3418 ieiunitate
707 3353 817 3417 laudes
841 3353 1108 3419 desideratissimi
1132 3350 1261 3434 Principis
1304 3334 1306 3351 ⁵

149 3459 311 3524 emineant
329 3482 449 3543 suaque
469 3464 502 3523 et
520 3461 607 3525 insta
631 3482 727 3544 seque
752 3459 851 3546 digna
869 3461 901 3525 in
922 3461 992 3525 luce
1012 3462 1187 3528 collocatae
1203 3466 1262 3523 rian-

149 3588 244 3648 quam
265 3567 367 3630 oculis
387 3572 573 3651 appareant.
609 3567 695 3632 Nam
715 3568 799 3652 qnod
820 3573 934 3653 suapte
956 3572 1076 3633 natura
1099 3571 1166 3633 leve
1188 3559 1261 3630 vileri

148 3677 265 3755 potest,
280 3696 379 3757 prope
398 3673 552 3757 pusillum
573 3679 679 3738 autem
701 3675 727 3739 si
748 3697 821 3740 curn
840 3680 1020 3739 ceterarum
1040 3697 1147 3739 rerum
1166 3697 1183 3738 a
1199 3684 1261 3736 n1i'0

148 3776 342 3845 Firmumeo
363 3781 546 3845 Gvnmno
566 3783 730 3865 praeclare
750 3786 916 3867 gestarum
935 3783 985 3846 vel
1010 3782 1210 3847 multitudine
1227 3770 1260 3836 rel

149 3885 318 3968 splendore
343 3891 558 3971 comparatur,
581 3887 613 3951 id
638 3889 674 3971 si,
697 3911 760 3972 quo
785 3889 921 3953 consilio
941 3888 1108 3954 eonditum
1128 3889 1176 3969 sit,
1197 3899 1260 3966 spec·

148 3997 263 4073 tamus,
287 3997 320 4056 et
343 3993 504 4057 laudabile
525 3999 557 4058 et
576 3994 688 4058 efficax
711 3995 871 4077 imprimis
895 4016 965 4059 csse
988 3996 1211 4080 intellegimus,
1228 3989 1259 4049 al·

147 4123 208 4182 qne
232 4100 278 4163 ita
301 4105 522 4182 comparatum
546 4105 583 4164 ut
606 4102 705 4164 animi
731 4123 802 4165 vere
830 4101 913 4187 regii
944 4102 1085 4167 indolem
1116 4096 1259 4166 manifest

147 4205 337 4271 documento
358 4210 503 4270 testetur.
536 4207 660 4290 Quippe
679 4230 744 4272 non
763 4212 830 4272 tam
850 4210 930 4273 illud
950 4210 1143 4293 suspicimus
1165 4210 1193 4270 et
1213 4203 1259 4264 lau·

147 4313 269 4397 (lanius,
289 4314 374 4397 quod
394 4314 524 4377 omnino
544 4314 663 4398 ingenii
684 4317 850 4380 exercendi
870 4317 1053 4400 viriumque
1072 4313 1258 4400 augendarum

148 4421 323 4486 utilissima
347 4442 424 4485 saue
449 4421 675 4508 opportunitas
699 4422 824 4488 civibus
849 4422 1040 4491 academicis
1060 4446 1117 4512 per
1135 4422 1204 4487 haec
1219 4430 1259 4475 110·
