2836 5034
233 311 299 374 520
520 323 780 372 paouaoouars
805 324 853 372 os
877 323 1092 372 asrrosruvs

233 470 298 534 uisi
314 469 502 552 scrupulum
518 468 620 532 nimia
634 467 832 532 solutionum
847 467 1023 532 multitudo
1042 467 1078 532 in
1096 467 1282 533 bacchiaco
1300 489 1387 531 versu

234 576 356 641 iniciat.
383 574 489 639 ·N'em
517 597 599 660 quae
624 574 834 658 praecedunt,
862 574 930 638 sive
960 574 1110 639 dimetria
1141 573 1299 639 discribis
1328 575 1388 638 sire

235 687 427 750 tetrametro
451 681 711 766 comprehendis:

303 843 463 927 Raptores
487 843 583 926 panis
607 844 640 907 et
663 828 815 927 pcniz'fit
836 841 915 926 ipse,
938 843 1015 906 dum
1038 842 1107 907 illis
1132 841 1242 908 odmis
1267 845 1330 923 est,

93 1022 232 1062 ccxcvm
248 1003 388 1067 iambica
410 1005 519 1068 tamen
543 1004 735 1088 manebunt,
757 1003 821 1068 uisi
844 1004 941 1088 longe
965 1002 1221 1068 violentissimis
1245 1004 1387 1067 mutatio·

236 1111 332 1176 nibus
361 1116 467 1176 utare:
496 1110 644 1194 proxima
667 1114 789 1193 autem,
818 1113 855 1175 ut
879 1110 1001 1193 scripta
1023 1115 1102 1174 sunt
1126 1110 1162 1174 in
1188 1109 1286 1174 libris
1311 1111 1386 1192 inops

236 1223 371 1294 amator,
401 1217 470 1283 siue
499 1217 634 1282 alicuius
664 1217 810 1301 syllabae
834 1217 1018 1281 accessione
1042 1216 1083 1280 ad
1107 1217 1282 1282 clausulae
1306 1223 1382 1282 natu·
1411 1268 1413 1279 .

237 1348 306 1389 ram
331 1325 463 1388 minime
487 1328 565 1408 apta
588 1325 712 1410 sunt.*)

327 1429 587 1496 Concinnitatem
617 1434 725 1496 autem
755 1431 844 1496 illam
867 1431 945 1496 dum
969 1423 1089 1513 sector,
1118 1454 1221 1515 quam
1247 1434 1379 1497 metrica

237 1556 310 1603 rum
338 1560 411 1604 cum
434 1537 656 1623 grammaticis
687 1537 866 1622 logicisque
889 1537 1031 1622 periodis
1055 1539 1279 1624 congruentia
1302 1541 1386 1624 parit·

217 1646 361 1719 ,factum
393 1649 444 1710 est
477 1649 513 1710 ut
544 1666 609 1709 non
639 1667 704 1709 uno
735 1645 769 1709 in
799 1646 870 1710 loco
901 1646 1044 1710 continui
1076 1668 1234 1710 versuum
1268 1646 1375 1711 ordine

141 1786 144 1790 >
239 1754 351 1818 eodem
381 1757 484 1818 metro
517 1751 754 1817 decurrentium
784 1756 951 1836 tamquam
981 1775 1040 1817 sua
1068 1756 1187 1836 sponte
1221 1754 1376 1818 subnasoe

239 1864 364 1925 rentur:
388 1859 474 1944 quod
493 1879 596 1942 genus
621 1857 865 1942 aequabilitatis
891 1864 1027 1943 apparet
1050 1862 1083 1923 et
1105 1861 1239 1944 gratiae
1265 1865 1298 1926 et
1319 1861 1378 1925 fidei

240 1968 415 2052 plurimum
442 1968 572 2032 habere.
618 1964 788 2030 Eiusmodi
817 1966 867 2031 illi
891 1966 1030 2030 suntab
1055 1966 1121 2030 244
1145 1966 1186 2030 ad
1212 1968 1292 2052 251,
1313 1991 1381 2053 quoe

240 2077 274 2139 in
289 2074 468 2138 Elementis
485 2097 515 2157 p.
530 2073 595 2138 212
611 2072 696 2137 curis
716 2072 865 2137 secundis
885 2073 956 2156 ipse
970 2072 1177 2138 Hermannus
1200 2074 1244 2137 ad
1269 2075 1381 2161 elegan-

240 2181 402 2245 tissimam
426 2178 624 2264 parilitatem
651 2178 920 2243 accommodavit:
947 2177 1121 2263 eodemque
1148 2182 1250 2246 metri
1269 2204 1385 2268 genero,

241 2289 327 2373 quod
351 2287 477 2352 creticis
501 2286 703 2351 tetrametris
728 2286 925 2352 catalecticis
950 2286 1146 2370 continetur,
1176 2310 1243 2375 ego
1273 2291 1308 2354 in

241 2396 359 2480 prioris
383 2415 518 2459 scaenae
549 2392 658 2457 decem
688 2415 800 2458 versus
831 2392 1001 2458 continuos
1031 2394 1184 2478 discripsi
1220 2419 1240 2460 a
1264 2396 1332 2461 266

242 2500 373 2588 275**),
397 2503 469 2565 octo
493 2500 524 2564 in
551 2501 612 2563 fine
636 2501 827 2582 posterioris
851 2523 871 2564 a
894 2501 958 2564 293
983 2501 1022 2564 ad
1047 2500 1201 2587 300.***)
1251 2503 1344 2579 Quod

242 2610 310 2673 fieri
335 2632 399 2672 non
423 2609 531 2692 potuit
554 2608 633 2691 quin
657 2607 783 2691 aliquot
805 2607 884 2671 locis
909 2609 1056 2672 voculam
1076 2609 1222 2692 aliquam
1244 2612 1378 2676 adderem

243 2720 280 2781 ut
303 2716 509 2780 librariorum
534 2715 657 2778 incuria
687 2715 855 2777 omissam:
884 2714 1097 2798 reputandum
1127 2720 1179 2779 est
1209 2719 1265 2781 vix
1298 2719 1376 2782 ullun

243 2823 293 2886 vol
325 2823 434 2907 potius
465 2822 588 2885 nullum
620 2821 780 2885 canticum
813 2843 881 2885 esse
913 2821 997 2906 quod
1028 2844 1092 2885 non
1123 2821 1189 2886 hoc
1221 2824 1296 2908 ipso
1324 2824 1375 2889 riti

242 2953 358 3016 genere
390 2930 457 2993 sive
488 2930 630 3008 graviter
662 2930 728 2992 sive
758 2929 864 2992 minus
895 2930 1038 3013 graviter
1071 2931 1210 2994 laboret.
1259 2932 1297 2995 ln
1326 2932 1372 2995 Tri·

242 3060 374 3100 11011110
399 3041 507 3100 autem
533 3035 673 3119 augebat
697 3035 834 3098 addendi
859 3037 1103 3118 confidentiam,
1132 3040 1220 3121 quod
1247 3061 1373 3104 causssu

242 3145 430 3207 lacunarum
464 3144 594 3207 illarum
627 3143 702 3206 licet
732 3165 749 3205 e
779 3144 940 3207 communi
972 3143 1063 3208 fonte
1096 3145 1143 3208 ita
1178 3153 1325 3230 repetere
1351 3163 1375 3209 ot

243 3255 410 3333 tamquam
442 3251 474 3313 in
506 3251 616 3314 oculos
648 3251 800 3313 incurrat.
847 3250 914 3314 Nec
945 3251 1031 3314 enim
1062 3273 1138 3315 casu
1171 3255 1296 3318 factum
1325 3274 1376 3317 esso

243 3360 365 3440 potest,
398 3356 495 3440 quod,
528 3357 555 3419 si
585 3378 697 3420 versus
728 3357 792 3420 293
809 3379 876 3440 sqq.
907 3357 953 3420 sic
984 3359 1215 3441 perscripseris
1249 3365 1286 3424 ut
1315 3361 1377 3425 alter

244 3464 378 3547 quisquo
406 3485 516 3527 versus
545 3485 610 3526 101
636 3463 814 3527 subiciatur
844 3464 944 3547 priori
972 3464 1027 3527 sed
1054 3465 1146 3528 iuxta
1176 3472 1330 3550 ponatur,
1353 3467 1375 3529 11

245 3571 373 3633 easdem
402 3571 452 3633 vel
483 3571 575 3633 valde
605 3571 801 3653 propinquas
825 3572 963 3656 paginae
987 3575 1096 3654 partes
1121 3573 1262 3638 lacunae
1286 3594 1377 3640 omues

351 3818 375 3883 *)
401 3818 442 3886 [lo
467 3818 510 3872 ed.
534 3818 582 3871 alt.
608 3818 681 3870 hanc
706 3817 859 3871 clausulam
880 3816 1049 3871 Ritschelius
1070 3820 1221 3874 constituit
1240 3823 1377 3892 proximus

246 3924 355 3959 versum
378 3924 434 3959 non
458 3905 629 3973 bacchinon,
653 3921 749 3959 verum
774 3904 924 3959 trochaicis
947 3906 1071 3959 numeris
1096 3911 1339 3977 comprehendens
1358 3912 1379 3961 sl

245 4014 269 4050 v.
290 4002 430 4049 131111.
451 3998 522 4062 soc]

333 4085 374 4153 *sq
394 4086 435 4153 [ln
461 4085 503 4138 cd.
529 4085 576 4137 alt.
601 4085 786 4138 Ambrosiano
811 4083 987 4152 potissimum
1011 4085 1080 4139 duce
1109 4089 1203 4157 magis
1234 4091 1320 4145 etium
1344 4090 1382 4143 im

246 4174 336 4227 mistis
359 4173 537 4243 glossematis
565 4174 616 4227 hos
643 4191 737 4227 versus
763 4174 930 4242 depravatos
958 4192 1018 4229 esso
1045 4174 1219 4247 intellegens
1248 4180 1329 4233 alitor
1348 4194 1384 4231 eos

246 4263 414 4317 Ritschelius
434 4262 599 4330 constituit]

317 4352 374 4419 ***)
399 4352 440 4420 [ln
465 4352 507 4405 ed.
529 4351 577 4404 alt.
599 4369 647 4418 per
671 4353 743 4405 hanc
767 4370 877 4420 quoquc
901 4355 1010 4422 partem
1029 4352 1215 4422 glossematis
1236 4359 1386 4427 quibusdan
1411 4362 1413 4381 ²

247 4439 369 4508 expulsis
389 4440 471 4494 aliter
491 4441 614 4508 systema
632 4440 834 4494 rest'tnendum
855 4459 913 4495 csso
935 4440 1107 4495 Ititscholius
1128 4442 1298 4518 intellexit]
