2836 5034
460 354 692 402 nararmsona
716 353 841 401 annau.
1158 332 1222 398 649

126 497 239 564 iciant:
267 498 363 584 idque
385 521 573 582 perversum
596 497 692 561 debet
714 496 922 579 comparandi
947 495 1089 559 studium
1114 494 1224 575 rideri,

126 604 146 668 si
169 606 297 690 quidem
320 628 388 671 non
411 607 444 671 in
468 605 567 669 simili
590 608 728 687 tantum,
750 602 807 667 sed
830 622 962 685 prorsus
986 602 1097 666 eodem
1116 602 1150 666 in
1169 621 1223 686 ge-

126 733 160 776 ue
181 713 203 777 ii
227 735 310 798 qnos
334 734 503 797 compares
527 714 703 776 versantur.
749 709 814 793 lta,
837 712 874 773 ut
896 708 1043 792 exemplo
1068 713 1153 791 utar,
1177 709 1224 773 bi·

126 840 197 884 ›mm
215 821 358 885 virorum
377 819 571 885 bellatorum
591 822 662 883 uter
681 818 784 882 maior
803 817 973 899 exstiterit,
997 816 1119 900 poterit
1131 820 1224 882 'recte

126 928 208 992 ueri:
230 927 313 993 nihil
337 929 422 992 enim
446 928 511 992 nisi
534 948 599 991 una
622 925 779 990 fortitudo
804 928 984 1008 spectatur3
1006 923 1114 988 minus
1138 944 1225 989 com·

126 1031 177 1098 ode
199 1035 396 1119 plerumque,
419 1057 436 1099 e
456 1034 542 1099 binis
561 1032 813 1117 imperatoribus
833 1030 959 1096 bellicis
978 1035 1050 1095 uter
1068 1033 1224 1115 praestet:

126 1139 167 1204 ias
188 1141 273 1206 enim
297 1141 524 1225 imperatoriae
543 1141 630 1206 ritae
649 1138 795 1204 condicio
815 1139 988 1203 facultates
1010 1142 1138 1222 praeter
1160 1136 1224 1202 ior-

126 1248 254 1313 tudinem
278 1249 427 1334 requirit;
456 1249 565 1333 inepta
589 1252 707 1312 autem
722 1251 814 1331 agat,
838 1247 900 1330 qui'
916 1246 968 1310 rel
990 1265 1103 1330 regum
1126 1245 1224 1310 bono·

126 1356 230 1419 muel
258 1378 299 1421 ne
322 1354 465 1420 eiusdem
488 1354 617 1440 quidem
642 1352 840 1419 condicionis
864 1351 1034 1418 hominum
1057 1357 1225 1436 praestan·

126 1479 178 1544 am,
209 1484 291 1546 qnae
319 1462 531 1547 plurimarum
559 1462 703 1547 partium
732 1460 887 1526 societate
915 1458 1111 1541 continetur,
1143 1464 1225 1523 tam-

126 1585 179 1633 tam
202 1570 333 1635 modulo
358 1569 467 1653 aliquo
491 1567 773 1632 metiri‘r'natituat
796 1589 834 1632 eo
858 1566 988 1650 quidem
1013 1565 1158 1649 consilio,
1181 1570 1225 1642 ut,

126 1692 190 1741 ram
219 1677 284 1742 utri
313 1675 489 1760 praeferat,
522 1673 668 1757 definiat,
703 1675 828 1759 talique
860 1673 893 1737 in
922 1672 1041 1738 iudicio
1070 1674 1163 1757 quasi
1191 1696 1225 1738 rc

126 1801 164 1847 ne
187 1790 281 1870 gesta
303 1784 489 1868 acquiescat
508 1786 540 1847 et
559 1782 591 1847 id
611 1781 698 1866 quod
716 1803 767 1847 rea
788 1782 884 1846 sitae
903 1780 1026 1845 seilicet
1043 1780 1224 1864 repperisse
1238 1800 1286 1841 vn

126 1892 228 1955 estur.
261 1887 328 1955 Sua
345 1893 463 1974 sponte
482 1895 617 1975 apparet
635 1911 700 1953 non
718 1888 757 1953 de
776 1888 817 1952 iis
835 1909 894 1953 noa
918 1889 1016 1973 loqui,
1037 1888 1122 1953 inter
1144 1910 1225 1973 qnos

126 1994 173 2062 lla
195 1997 328 2063 omnino
348 1997 528 2061 similitudo
549 1995 733 2061 intercedit:
756 2016 833 2059 nam
851 1995 924 2080 quis
943 1995 1007 2060 nisi
1026 1995 1110 2060 male
1129 2016 1228 2060 sanus

126 2124 155 2168 m
178 2104 356 2169 virtutibus
384 2105 536 2188 opposita
569 2103 615 2167 eia
639 2102 720 2167 ritia
742 2102 938 2185 componat?
976 2102 1049 2185 quis
1073 2123 1141 2183 eos,
1173 2102 1228 2186 qui

126 2211 163 2275 sis
186 2210 346 2275 bonorum
371 2211 595 2296 malorumque
619 2210 737 2275 finibus
762 2208 895 2274 disereti
918 2212 1002 2291 aunt,
1025 2212 1062 2272 ut
1084 2230 1157 2273 cum
1176 2208 1229 2273 Tl-

126 2318 171 2383 rio
199 2318 251 2383 vel
280 2315 431 2402 Caligula
457 2318 567 2383 Titum
598 2318 647 2382 vel
677 2316 851 2382 Traianum
886 2316 1053 2395 conferat?
1099 2314 1230 2399 Verum,

136 2425 307 2490 mittamus
326 2446 408 2509 quae
427 2428 542 2510 suapte
560 2429 680 2490 natura
698 2423 839 2489 absurda
857 2428 941 2506 aunt,
965 2443 1031 2488 non
1054 2422 1229 2488 absurdum

126 2531 213 2597 idem
243 2532 393 2616 dixerim,
426 2533 511 2617 quod
540 2533 572 2597 in
597 2531 717 2601 scholis
742 2552 987 2615 saepenumero,
1020 2530 1230 2616 Philippusne

126 2666 132 2704 r
152 2639 337 2704 Alexander
360 2643 516 2724 praestet,
539 2641 703 2725 disputare
727 2638 959 2703 adulescentuli
984 2637 1150 2702 iubentur:
1174 2638 1229 2702 sed

126 2746 264 2829 obabila,
284 2745 339 2810 sed
360 2746 559 2812 fructuosum
575 2746 677 2810 uideri
695 2768 736 2810 ne
755 2745 816 2809 hoc
836 2744 965 2828 quidem
980 2750 1103 2829 potest,
1128 2746 1229 2809 multo

125 2853 192 2919 inus
216 2856 334 2937 potest,
357 2853 442 2937 quod
463 2855 593 2918 memini
613 2856 854 2937 praeceptorem
874 2853 1036 2937 ceteroqui
1058 2853 1138 2916 satis
1158 2875 1228 2937 pro·

126 2959 227 3025 rbilem
250 2982 438 3044 proponere,
462 2965 498 3024 ut
522 2961 753 3044 exploraretur,
778 2964 884 3023 utrum
904 2981 921 3022 e
944 2960 1140 3024 variolamm
1160 2981 1230 3023 sac·

126 3086 231 3132 aarum
255 3068 408 3133 insitione
432 3090 473 3132 an
497 3091 514 3133 e
539 3069 762 3133 machinarum
788 3069 918 3152 vaporis
942 3068 974 3131 vi
999 3071 1160 3131 motarum
1184 3067 1229 3130 in·

126 3175 236 3239 actione
259 3176 332 3259 plus
356 3175 509 3240 utilitatis
534 3176 568 3239 in
591 3176 760 3239 homiuum
784 3173 885 3238 vitam
909 3174 1130 3239 redundasset.

181 3282 286 3366 Atque
310 3282 387 3346 haec
410 3304 477 3346 non
501 3282 614 3348 dubito
638 3282 715 3366 quin
740 3282 853 3346 multis
877 3285 1034 3365 vestrum,
1058 3280 1231 3362 auditores,

126 3384 321 3453 strenuiter
343 3388 509 3473 disputare
533 3390 641 3455 videar
664 3394 697 3453 et
719 3388 858 3453 fortasse
883 3389 944 3453 huo
969 3411 1082 3473 parum
1106 3410 1231 3453 accom-

126 3490 227 3560 ulae.
272 3495 318 3561 Et
344 3501 453 3560 tamen
483 3497 594 3560 eadem
624 3496 664 3560 ad
692 3518 751 3560 nos
782 3495 914 3579 propius
944 3517 1042 3578 quam
1070 3495 1231 3580 quispiam

126 3596 188 3670 latet
205 3603 376 3687 pertinent.
420 3602 542 3667 Eorum
568 3603 662 3684 enim,
686 3602 741 3685 qui
765 3602 883 3666 litteris
909 3602 1008 3666 vitam
1033 3607 1065 3666 et
1089 3601 1231 3666 studium

126 3712 188 3771 *lm
208 3708 411 3793 dediderunt,
434 3709 689 3794 quotusquisque
714 3713 762 3773 eat
769 3731 932 3793 „quaeso
957 3711 1035 3793 quin
1059 3707 1231 3796 aliquando

126 3818 187 3878 Μ
212 3838 285 3881 cum
310 3817 424 3881 ceteris
447 3816 679 3900 discipliniat
652 3838 700 3880 ra
724 3817 932 3900 compararit,
965 3821 1001 3881 ut
1024 3838 1116 3881 auam
1139 3817 1232 3880 unice

126 3916 242 3986 obstet
228 3928 360 4007 t,prae
389 3945 448 3988 saa
470 3924 701 4007 reliquast
634 3924 701 3986 fast
702 3922 819 3986 idiret?
866 3922 957 3999 Quod
982 3946 1054 3988 cum
1078 3923 1116 3987 de
1140 3922 1232 3988 disci·

126 4008 192 4092 lim„
212 4028 370 4095 universis
394 4036 463 4095 tum
486 4031 525 4095 de
544 4031 683 4115 singulis
702 4032 850 4115 partibus
870 4030 937 4095 diet
924 4036 992 4095 utm
1013 4032 1096 4097 volo.
1124 4030 1235 4114 Velut,

126 4118 139 4181 l
168 4154 183 4198 e
209 4136 290 4201 meis
322 4135 437 4201 studiis
471 4138 653 4221 exemplum
686 4160 853 4221 promam,
886 4138 957 4220 quis
991 4159 1054 4202 non
1087 4081 1235 4203 meminii

126 4242 266 4309 lOrrrnaae
294 4242 382 4308 illius
410 4244 724 4329 contentionisque
748 4245 805 4309 alii
830 4245 922 4309 unius
947 4245 1077 4329 linguae
1101 4244 1233 4329 indaga·

126 4354 182 4413 bne
203 4372 314 4417 reram
341 4349 555 4436 philologiam
584 4352 742 4417 contineri
767 4352 920 4416 arbitrati
944 4374 998 4417 eos
1023 4351 1235 4437 despicerent,

126 4452 307 4544 ripensem
325 4458 449 4523 erae-in
468 4479 574 4523 rerum
599 4458 806 4543 potissimum
823 4458 1018 4523 tractatione
1037 4456 1235 4544 dictitarent,
