2836 5034
452 323 684 373 usrsrmscua
708 324 834 371 suoru.
1147 307 1212 372 669

162 463 235 529 Vna
257 468 367 529 autem
391 486 465 548 pars
489 471 540 529 est
568 466 712 530 muneris
735 465 816 531 mihi
840 465 1038 549 demandati,
1067 466 1217 531 tamilla

124 573 159 633 ta
189 575 222 633 st
250 591 364 655 expers
396 572 635 656 angustiarum,
664 572 781 638 horum
811 576 848 637 ut
877 571 968 637 illinc
996 571 1154 637 solacium
1183 576 1216 637 et

124 674 161 738 lut
181 677 480 760 compensationem
501 679 626 743 affatim
643 679 806 763 petiturus
833 678 895 743 sim
920 700 985 743 non
1007 678 1078 744 sine
1095 698 1216 764 magne

124 802 150 845 ra
174 782 351 867 voluptate.
393 783 438 849 Fit
465 788 590 868 spectat
617 807 656 850 ea
684 785 814 871 quidem
837 807 903 851 non
927 789 995 849 tam
1019 783 1059 850 ad
1083 789 1216 869 vestras,

124 888 216 974 llegae
239 891 483 976 spectatissimi,
504 914 660 975 personas
680 914 778 977 quam
802 892 843 958 ad
866 914 935 976 vos,
957 891 1116 958 carissimi
1139 891 1215 957 adu·

124 999 242 1080 mutas,
276 1018 413 1081 quorum
448 999 592 1064 rationes
624 999 778 1083 peculiari
809 998 1058 1064 necessitudinis
1087 999 1216 1065 vinculo

124 1125 150 1167 m
164 1103 310 1169 Rectoris
328 1126 470 1188 persona
487 1127 588 1170 nexae
612 1109 696 1170 sunt.
733 1102 834 1171 Cuius
857 1105 1107 1171 necessitudinis
1130 1105 1216 1171 ratio

124 1210 230 1274 asmodi
255 1215 315 1294 est,
338 1215 376 1276 ut
398 1233 437 1277 ea
459 1213 648 1296 primariam
672 1213 737 1281 vim
760 1216 794 1277 et
811 1216 1009 1296 potestatem
1027 1216 1218 1295 rectoratus,

140 1321 208 1381 suut
230 1316 310 1381 baec
333 1322 494 1402 tempora,
521 1319 679 1384 contineri
707 1321 740 1382 et
767 1319 931 1402 propriam
957 1319 1110 1384 virtutem
1134 1323 1217 1383 tam·

124 1445 171 1488 um
206 1422 468 1507 exsplendescere
502 1428 621 1509 putem.
667 1423 753 1490 Nam
785 1425 812 1489 si
841 1426 1015 1510 corporis
1043 1424 1217 1490 universi

124 1533 163 1593 rta
179 1533 253 1595 sunt
271 1534 304 1594 ct
323 1532 506 1596 communia
526 1532 624 1615 iura,
647 1552 846 1616 consequens
865 1534 917 1595 cst
935 1553 1047 1597 corum
1065 1539 1216 1616 partem

124 1633 172 1700 lam
193 1636 233 1700 ad
257 1637 414 1720 singula
437 1638 605 1702 membra
627 1637 772 1722 corporis
792 1635 952 1720 pertinere
970 1637 1150 1723 horumque
1169 1637 1216 1701 in·

124 1741 253 1807 lumitati
271 1743 480 1826 praecipue
499 1743 690 1828 prospicere.
723 1744 774 1808 Ea
793 1749 901 1809 autem
919 1745 1002 1829 iura,
1020 1766 1102 1829 quae
1121 1743 1217 1808 liber-

124 1849 174 1912 tem
196 1849 412 1914 academicam
436 1851 576 1915 {initiare
600 1850 784 1935 significatu
809 1849 975 1935 appellare
993 1850 1217 1932 consuevistis,

125 1973 151 2018 m
179 1957 275 2020 certis
308 1956 435 2041 legibus
464 1956 707 2041 circumscripta
734 1978 804 2022 csse
831 1961 995 2041 oporteat:
1025 1957 1153 2043 quando
1182 1956 1217 2022 in

125 2062 235 2127 entiam
266 2068 300 2129 et
332 2064 499 2129 libidinem
530 2064 663 2149 quaevis
696 2063 831 2129 libertas
863 2065 975 2149 vertit,
1006 2064 1071 2129 nisi
1098 2064 1218 2129 rationi

124 2170 300 2235 evenienter
327 2170 542 2236 determinata
570 2170 625 2235 sit:
654 2171 733 2236 satis
761 2169 859 2237 bodio
886 2170 1015 2236 videtur
1042 2193 1063 2236 a
1085 2170 1218 2255 publica

124 2277 267 2342 ctoritate
299 2276 441 2342 civitatis
473 2277 508 2341 in
540 2297 579 2342 eo
612 2275 814 2342 elaboratum
847 2298 934 2359 esse,
970 2279 1007 2342 ut
1035 2276 1138 2342 fines
1169 2276 1217 2340 illi

124 2383 234 2448 artatis
266 2387 392 2449 vestrae
421 2382 644 2448 custodiantur
675 2388 707 2448 et
736 2390 959 2467 coerceantur,
987 2383 1138 2449 licentiae
1167 2403 1218 2449 oc·

124 2494 235 2573 tratur,
258 2489 338 2555 vitia
360 2491 574 2574 castigentur,
603 2490 720 2555 delicta
743 2489 1053 2574 animadvertantur,
1082 2489 1218 2574 denique

124 2587 132 2652 Ι
151 2595 367 2678 praecavendo
387 2597 437 2660 vel
455 2596 619 2681 puniendo
639 2597 778 2661 satisfiat
796 2596 904 2682 legum
925 2596 1100 2661 severitati.
1132 2594 1217 2661 Huic

124 2700 182 2767 tem
214 2703 381 2768 severitati
409 2703 679 2787 quemadmodum
702 2705 743 2769 nd
771 2704 962 2789 explendam
993 2725 1217 2769 consumman-

124 2825 210 2893 mque
238 2810 382 2875 iustitiae
410 2810 576 2874 notionem
599 2811 748 2875 accedere
779 2811 927 2895 aequitas
959 2809 1064 2893 debet,
1094 2810 1217 2875 leniens

124 2917 301 2981 siustitiae
330 2916 539 2981 acrimoniam
567 2922 600 2980 et
627 2916 737 3002 legum
764 2919 904 3004 rigorem
937 2921 1137 3001 temperans:
1169 2918 1216 2982 ita

125 3020 257 3106 tiquitus
285 3044 344 3106 par
371 3043 441 3085 esse
470 3024 575 3087 visum
604 3026 666 3105 est,
696 3025 880 3090 severitatis
908 3024 1113 3090 exactoribus
1136 3028 1218 3088 tam·

124 3149 171 3191 am
194 3149 233 3192 er
256 3128 391 3193 adverso
415 3131 559 3212 positum
583 3151 653 3194 esse
677 3129 817 3215 aliquem
840 3135 1015 3215 patronum
1039 3134 1217 3195 vestrarum

124 3256 180 3299 nm
209 3240 241 3299 et
270 3239 424 3318 tutorem,
453 3236 590 3300 iniuriae
618 3236 646 3300 si
676 3257 739 3320 qua
761 3258 826 3302 non
850 3258 870 3301 a
892 3238 999 3322 vobis,
1028 3237 1084 3301 scd
1107 3237 1218 3302 vobis

124 3347 132 3406 t
160 3342 436 3427 propulsatorem,
465 3341 627 3407 libertatis
656 3347 764 3407 autem
788 3347 874 3407 recte
902 3347 935 3407 et
958 3343 1123 3427 sapienter
1145 3342 1218 3407 defi·

124 3470 161 3514 ae
186 3448 387 3513 defensorem
411 3453 507 3534 atque
530 3455 818 3535 propugnatorem
859 3448 967 3534 Atque
990 3448 1074 3514 hanc
1098 3468 1160 3533 ego
1184 3452 1220 3513 ut

124 3556 288 3620 tissimum
308 3556 639 3640 acceptissimamque,
657 3557 706 3620 ita
723 3556 981 3620 efficacissimam
1000 3556 1219 3622 fructuosissi-

124 3684 225 3747 mque
243 3669 370 3748 partem
390 3664 585 3748 interpretor
604 3664 702 3728 officii
721 3663 802 3728 mihi
821 3663 1019 3747 demandati3
1043 3662 1105 3728 hoc
1124 3663 1219 3728 nobis

124 3773 230 3856 risque
248 3793 286 3834 er
310 3771 465 3855 pristinae
495 3770 646 3835 fortunae
669 3771 764 3836 ruina
786 3770 934 3836 relictum
958 3769 1219 3855 vindicatumque

124 3878 237 3961 rtulor,
263 3876 348 3961 quod
376 3876 480 3943 adhuc
508 3882 636 3942 servata
664 3882 714 3942 est
737 3882 875 3961 paterna
897 3877 954 3942 illa
978 3898 1104 3942 morum
1126 3876 1219 3941 disci·

124 4008 165 4051 ua
193 3984 340 4049 Rectoris
369 3984 577 4068 potissimum
607 3986 755 4050 manibus
783 3985 917 4051 tradita:
947 4006 1012 4070 qua
1039 3988 1072 4047 st
1099 3981 1219 4047 aetatis

124 4097 203 4157 vtrae
227 4090 408 4156 rationibus
432 4094 518 4155 recte
547 4093 672 4157 consuli
695 4096 728 4158 et
751 4093 821 4158 eius
849 4090 1110 4172 necessitudinis,
1137 4109 1219 4172 quae

124 4218 159 4263 er
179 4197 355 4281 magistros
374 4199 585 4283 alumnosquc
605 4200 784 4284 intercedit,
807 4198 957 4284 dignitati
975 4194 1219 4280 integritatique

124 4304 226 4370 isfieri
243 4306 401 4371 maiorum
420 4307 580 4390 sapientia
596 4307 768 4391 perspexit.
800 4307 913 4391 ltaque
931 4304 1017 4390 quod
1037 4302 1129 4369 vobis
1150 4323 1219 4388 ego

124 4416 262 4495 »mptum
283 4417 496 4498 paratumque
515 4413 656 4478 studium
675 4434 713 4477 ex
736 4413 837 4478 animi
855 4413 919 4477 mei
938 4411 1100 4477 sententia
1118 4413 1220 4475 testor
