2886 5032
477 325 746 374 uuauorrrours
771 326 980 373 PLAVTINAF..
1101 298 1106 307 ’
1240 311 1305 376 453

140 467 305 532 dieantur
330 468 468 534 mediam
492 469 668 553 corripere:
691 468 723 533 id
742 469 828 554 quod
847 468 1008 533 rationem
1027 472 1059 533 et
1076 471 1304 536 necessitatem

142 577 190 639 ito
214 578 356 642 tantum
384 574 569 641 habiturum
599 578 699 660 esset,
727 576 755 641 si
784 576 848 641 illis
877 577 910 641 in
939 575 1029 640 exitu
1058 599 1209 642 versuum
1237 600 1303 642 um-

140 706 246 767 quam
273 687 366 748 esset
387 683 477 748 loeus
501 705 680 749 concessus.

235 788 424 855 Licentiam
447 811 574 854 omnem
599 789 764 854 alterius
787 789 913 873 partis
937 792 1193 875 senariorum,
1223 813 1304 877 quae

139 902 191 961 est
220 901 321 981 post
349 918 561 980 caesuram,
590 897 776 981 complexus
805 919 885 961 sum.
931 895 1016 962 Nam
1044 899 1130 982 quod
1158 898 1238 962 talia
1268 904 1304 960 ut

141 1004 331 1069 mentumis
357 1004 504 1087 robipiom
527 1006 693 1067 accentum
723 1003 828 1068 solent
851 1003 884 1066 iu
908 1006 1024 1086 quarta
1048 1027 1067 1067 a
1090 1006 1154 1068 fine
1178 1004 1303 1089 syllaba

139 1111 284 1194 hebere,
313 1132 354 1176 ea
380 1133 440 1175 nee
463 1109 594 1176 licentia
615 1111 723 1194 potius
747 1134 845 1196 quam
869 1111 1070 1177 consuetudo
1094 1111 1156 1175 fuit
1178 1133 1237 1175 nec
1261 1111 1303 1175 ab

142 1218 213 1282 ulls
238 1221 338 1301 parte
357 1238 506 1281 versuum
520 1216 656 1281 ¹euelusa
674 1222 737 1282 est:
762 1218 881 1302 quippe
899 1240 1031 1302 prorsus
1050 1241 1115 1303 quo
1134 1217 1302 1303 dactylicis

141 1324 301 1407 vocibus,
335 1323 443 1388 soluta
474 1323 603 1408 quidem
636 1324 713 1405 arsi,
747 1324 1046 1409 quadrisyllabo
1079 1324 1188 1388 omnia
1219 1347 1302 1408 quae

141 1429 494 1515 proceleusmatici
518 1452 702 1494 mensuram
732 1434 872 1514 aequant
900 1430 1015 1494 habito
1038 1435 1113 1495 sunt
1135 1431 1302 1515 dactyli·

141 1557 361 1621 corumque
379 1541 545 1602 accentum
565 1541 745 1617 servarunt,
764 1537 813 1600 vel
833 1537 1027 1602 ereticorum
1045 1559 1127 1621 quae
1145 1559 1301 1621 paeonem

142 1648 304 1729 quartum
326 1647 479 1728 aequant,
507 1666 567 1709 nec
590 1644 696 1708 miuus
720 1643 753 1706 in
778 1643 1055 1726 antepaenultimo
1079 1666 1175 1728 quam
1199 1643 1233 1707 in
1256 1643 1302 1707 ul-

145 1750 231 1817 timo
247 1749 333 1834 pede
349 1751 417 1815 sive
432 1749 632 1815 senariorum
648 1751 715 1814 sive
730 1749 987 1833 septenariorum
1006 1746 1149 1834 (quando
1169 1748 1301 1833 paenul-

144 1858 251 1923 timus
276 1857 479 1923 tribrachum
502 1880 567 1922 nou
591 1856 791 1941 frequentius
816 1878 912 1940 quam
936 1877 1053 1938 purum
1076 1856 1222 1920 iambum
1245 1855 1301 1919 ad-

142 1966 268 2050 misit),
300 1971 337 2031 ut
364 1965 549 2029 orientalem
576 1985 624 2028 me
649 1985 686 2028 ce
709 1961 871 2045 Cbry'sulo,
897 1962 1049 2044 comtibus
1075 1963 1302 2045 quassantibus,

141 2073 291 2138 solimis
320 2091 453 2153 quaecum
482 2069 615 2135 docubct.
661 2067 699 2134 111
732 2069 848 2134 horum
878 2073 987 2133 autem
1016 2091 1187 2134 numerum
1216 2070 1301 2135 iufra

139 2179 364 2267 perspicietur
387 2176 486 2242 etiem
509 2176 690 2240 Trinummi
714 2176 793 2240 illud
816 2176 926 2241 venire
951 2200 979 2242 v.
1005 2178 1080 2241 134:

238 2339 357 2423 Neque
380 2338 419 2403 de
442 2336 503 2402 illo
527 2337 699 2422 quiequam
722 2337 816 2419 oreque
838 2337 950 2401 oneres
971 2359 1075 2422 neque
1101 2337 1264 2402 uenderes.
1313 2370 1432 2412 00an

139 2498 209 2566 Nee
247 2499 310 2563 illa
340 2497 515 2584 singularis
545 2497 677 2562 licentis
706 2502 769 2579 est,
800 2497 886 2582 quod
918 2498 1108 2563 iambieae
1138 2520 1246 2580 voees,
1279 2520 1298 2562 a

141 2629 287 2692 quarum
313 2605 460 2689 neglecto
484 2607 618 2668 accentu
642 2626 714 2667 eum
738 2607 851 2667 nostra
870 2604 1045 2687 disputatio
1064 2608 1133 2667 tum
1153 2607 1297 2669 veterum

139 2723 320 2800 poetarum
349 2734 401 2776 ars
429 2711 535 2775 omnis
564 2710 710 2794 profecte
738 2715 801 2794 est,
830 2710 862 2774 iu
887 2711 1036 2775 omnibus
1061 2709 1193 2776 omnino
1216 2710 1296 2775 loeis

138 2822 311 2886 admissae
340 2824 457 2883 sunta
481 2817 593 2901 quavis
617 2815 804 2882 condicione
828 2817 956 2882 liberae.
1002 2817 1104 2881 Velut
1126 2821 1202 2881 aute
1224 2818 1295 2881 ulti·

139 2950 231 2993 mam
269 2925 435 3009 dipodiam
467 2924 667 2988 senariorum
696 2923 784 2987 Trin.
814 2926 855 2988 87
882 2928 970 3006 potes
997 2946 1035 2987 ue
1060 2925 1203 3007 scopae,
1233 2926 1295 2988 104

95 3088 97 3103 .
140 3057 242 3099 manu
268 3032 496 3114 dleporonides
523 3031 580 3094 141
609 3051 691 3094 necue
713 3032 955 3112 concreditumst,
979 3029 1056 3093 item
1082 3052 1108 3093 v.
1132 3031 1202 3094 140.
1221 3030 1295 3094 221.

126 3130 220 3205 '484
245 3139 323 3203 486,
346 3138 420 3202 490.
450 3138 523 3202 530.
552 3131 626 3201 560.
656 3137 729 3200 741.
759 3137 831 3200 753.
878 3136 938 3200 Vel
970 3136 1008 3200 in
1039 3136 1157 3200 tertio
1188 3136 1295 3219 pede,

147 3246 233 3330 quod
263 3245 347 3308 hanc
374 3246 501 3307 tantum
530 3244 571 3307 ob
599 3265 747 3307 caussam
775 3266 883 3307 rarum
907 3247 970 3324 est,
1000 3243 1163 3325 quianon
1187 3246 1295 3326 potest

151 3351 209 3415 uisi
237 3351 273 3415 in
300 3350 449 3414 versibus
479 3349 724 3433 penthemimeri
748 3372 882 3414 caesura
904 3351 1087 3414 carentibus
1111 3349 1216 3413 locum
1240 3348 1294 3411 ha·

153 3458 224 3522 bere
247 3462 284 3522 ut
308 3481 337 3522 v.
361 3457 438 3522 734:

240 3617 357 3682 Petita
378 3618 437 3682 dos
459 3618 579 3697 domet,
602 3615 664 3679 nisi
688 3617 874 3697 exspectare
898 3619 960 3678 uis:

169 3778 253 3843 multo
274 3779 375 3843 etiam
394 3777 500 3842 rarius
518 3777 575 3858 ita,
599 3780 635 3840 ut
654 3775 792 3840 iambica
812 3798 872 3839 vox
892 3775 923 3838 in
944 3775 1083 3839 secundo
1103 3775 1183 3857 pede
1202 3796 1293 3857 prae-

172 3880 254 3967 ocae
274 3890 310 3949 ut
331 3884 404 3949 Ter.
426 3884 510 3949 Eun.
536 3882 574 3965 V,
601 3885 628 3966 1,
654 3884 707 3947 16:

242 4024 380 4093 Scelesta
402 4027 489 4092 ouc'm
513 4025 586 4108 lupo'
608 4023 782 4089 commisti:
805 4021 963 4106 dispudet.

95 4156 101 4165 ι
181 4174 231 4252 0110
256 4190 362 4252 tamen
395 4186 500 4251 tribus
532 4185 678 4250 iambicis
710 4184 846 4267 pedibus
879 4183 1041 4248 coutinuis
1074 4183 1169 4268 longe
1202 4182 1291 4266 peior

182 4277 343 4359 luditum
367 4316 480 4358 versus
503 4293 544 4376 ll,
568 4295 598 4376 3,
626 4293 700 4356 110:

248 4432 277 4499 ld
299 4437 342 4503 mi
366 4434 452 4501 haud
475 4435 581 4500 atr-tim
604 4434 696 4499 tectim
718 4433 815 4499 licere
839 4433 1001 4519 intellego,
