2886 5032
154 316 195 380 68
467 333 549 380 vsrr
573 333 808 382 waranciis
832 332 974 382 uocnnr

153 491 235 542 quem
259 489 390 528 evocasse
413 491 512 542 pamm
536 474 589 527 rita
613 473 755 543 conceptis
780 473 871 528 verbis
895 472 982 528 exitio
1002 473 1070 528 olim
1088 464 1156 543 fult,
1182 472 1233 528 sed
1252 492 1302 529 me

151 562 271 617 miserae
290 562 379 632 plebis
398 562 512 616 miseret
530 565 560 617 et
577 562 658 632 piget
671 563 845 631 quorundam
859 563 922 632 plus
936 580 1021 631 quam
1035 563 1159 617 turcicae
1173 549 1301 632 tyranni-

151 652 203 707 dis.
231 651 394 705 Franciscus
422 651 457 704 de
477 650 629 721 Siclsiugen
657 650 681 704 si
706 650 799 706 Caroli
822 650 1001 721 Imperatoris
1028 652 1078 706 aut
1103 649 1222 706 consilio
1247 655 1303 708 aut

150 740 240 807 iussn,
268 739 298 795 id
319 740 395 809 qnod
413 739 540 809 plerique
558 740 747 809 suspicantur,
776 742 836 795 tam
855 742 964 796 atroces
984 739 1132 794 suscitavit
1151 736 1303 809 tumultus,

150 814 267 884 habibit
289 829 408 884 fortasse
440 846 495 898 qno
519 845 579 883 sese
608 829 731 895 tuentum
760 831 790 883 at
808 829 832 882 si
850 827 907 883 suis
926 828 986 898 ipse
1006 826 1139 898 auspiciis
1157 845 1219 882 rem
1237 829 1301 884 tam

150 916 266 971 arduam
285 934 318 972 ao
337 916 500 972 seditiosam
520 916 628 971 tentare
648 916 702 970 luit
721 934 817 984 ausus,
842 917 924 971 deum
944 915 1015 984 miti
1033 916 1138 970 iratum
1156 916 1301 988 inprecor,

149 1004 204 1059 nisi
223 1006 292 1060 haec
312 1005 444 1073 scintilla,
463 1007 522 1060 tam
540 1023 626 1076 parvo
645 1005 727 1060 initio
746 1008 851 1074 coorta,
870 1005 1028 1060 incendium
1050 1006 1241 1062 vastissimum
1261 1007 1303 1064 sit

96 1106 135 1145 aaa
150 1095 302 1165 aliquando
322 1094 457 1165 paritura3
479 1093 551 1150 solet
569 1093 653 1164 enim,
672 1095 721 1164 qui
739 1095 832 1148 fumus
846 1111 907 1148 esse
923 1093 1025 1164 coepit,
1044 1093 1121 1150 illico
1136 1094 1211 1164 ignis
1225 1095 1300 1165 fieri,

149 1190 179 1240 et
196 1184 261 1240 talis
281 1183 368 1255 ignis,
387 1183 436 1253 qui
454 1182 592 1252 paulatim
611 1182 735 1254 irrepens
754 1201 811 1238 non
830 1182 1011 1253 extinguatur
1029 1181 1127 1250 iacile3
1146 1183 1221 1238 solet
1238 1200 1301 1239 ma·

148 1272 219 1342 lum,
249 1273 325 1344 quod
347 1274 383 1327 ab
407 1272 489 1327 initio
507 1275 566 1327 tam
584 1272 647 1328 leve
665 1272 876 1343 negligebatur,
905 1271 929 1325 si
949 1272 987 1326 sit
1004 1273 1131 1337 auctum,
1158 1270 1190 1326 in
1208 1289 1299 1343 grava

149 1361 325 1417 Christianae
350 1359 564 1429 tranquillitatis
588 1360 764 1430 dispendium
786 1376 932 1430 erumpere
961 1360 1082 1414 tandem.
1121 1360 1194 1426 Qum
1222 1361 1296 1417 hacc

148 1454 177 1506 et
195 1450 253 1504 alia
270 1451 374 1505 tacitus
393 1450 559 1519 quandoque
578 1466 687 1504 mecum
700 1450 762 1519 ipsc
776 1448 880 1519 cogito,
899 1449 976 1504 soleo
991 1449 1173 1503 vehementer
1187 1448 1298 1519 mirari,

148 1558 200 1608 qur
218 1538 342 1607 reliquae
361 1538 527 1593 Germaniae
546 1541 575 1592 et
593 1537 722 1593 civitates
742 1542 772 1593 et
789 1537 930 1608 principes
953 1554 1009 1593 non
1032 1537 1107 1592 idem
1125 1540 1155 1593 in
1174 1539 1234 1593 suis
1253 1554 1298 1594 re·

147 1627 286 1698 gionibus‚
304 1628 379 1696 quod
399 1627 503 1683 Elvetii
521 1626 651 1697 populari
669 1629 779 1682 tantum
798 1626 864 1681 freti
882 1625 1002 1682 consilio
1021 1625 1050 1680 in
1069 1642 1121 1680 sua
1137 1629 1216 1682 terra
1234 1627 1295 1682 iau-

148 1715 229 1771 stiter
251 1717 410 1786 praestant;
434 1719 465 1771 at
482 1716 537 1786 ipsi
554 1715 621 1769 dum
640 1714 754 1786 publica
772 1719 872 1770 curant
891 1714 1051 1780 commoda,
1070 1731 1129 1768 rem
1148 1715 1297 1786 publicam

77 1865 79 1869 ,
147 1805 253 1860 habent
270 1807 413 1875 pacatam
440 1822 491 1860 nos
515 1804 631 1875 privatis
650 1806 761 1859 tantum
780 1804 921 1859 inhiantes
939 1821 992 1859 nec
1011 1803 1124 1873 publico
1156 1821 1210 1860 nec
1238 1805 1297 1876 pri·

147 1896 212 1949 rato
231 1894 348 1948 fruimur
366 1893 435 1948 satis
454 1893 606 1949 commode.
643 1894 701 1949 Aut
718 1911 771 1964 ego
790 1893 925 1963 mentior,
944 1891 1099 1962 Bilibalde,
1118 1896 1168 1947 aut
1187 1894 1294 1963 aliquis

147 1985 236 2039 malus
260 1984 358 2054 genius
381 1986 452 2039 bene
475 1984 658 2038 concordibus
682 1983 783 2038 animis
809 1983 896 2039 iratus
924 1985 998 2037 hunc
1024 1999 1179 2037 amarorem
1207 1982 1292 2038 rebus

145 2072 275 2128 humanis
293 2073 423 2129 infundit.
461 2073 516 2128 Sed
536 2072 604 2142 quid
623 2072 647 2126 si
666 2072 775 2143 flagitia
795 2076 903 2137 nostra,
923 2073 1024 2142 quibus
1044 2073 1132 2126 Deum
1152 2071 1297 2139 quottidie

145 2161 296 2228 irritamus,
315 2162 570 2228 haecmereantur,
590 2165 619 2216 et
636 2163 777 2216 merentur
796 2161 893 2230 procul
913 2161 1005 2215 dubio.
1039 2160 1136 2229 Neque
1157 2160 1243 2227 enim,
1261 2163 1295 2216 nt

143 2252 261 2305 Flaccus
275 2250 324 2319 ait,
338 2267 388 2319 per
401 2255 528 2305 nostrum
542 2248 667 2320 patimur
680 2249 770 2304 scelus
784 2248 920 2305 iracunda
935 2251 1030 2305 lovem
1044 2247 1165 2303 fulmina
1177 2266 1292 2319 ponera

146 2339 218 2405 Quid
237 2338 288 2394 alii
305 2338 483 2406 arbitrentur,
504 2338 628 2393 divinare
646 2354 703 2392 non
721 2354 842 2407 possum.
872 2337 932 2408 Ego
951 2341 1020 2408 puto
1034 2335 1177 2407 principes
1191 2337 1223 2393 in
1237 2339 1292 2395 hoo

46 2446 51 2455 ·
145 2428 201 2483 iam
219 2428 332 2498 publico
352 2444 503 2497 congressu
521 2426 592 2480 nihil
611 2426 775 2494 omissuros,
803 2444 858 2496 qno
882 2426 949 2481 huic
972 2429 1032 2480 tam
1056 2425 1290 2496 sanguinolentas
1327 2464 1332 2499 q

144 2515 306 2588 tragoediae
325 2517 409 2570 finem
427 2516 579 2585 aliquando
599 2515 754 2585 imponant,
773 2514 850 2569 cuius
866 2517 1036 2584 spectatores
1052 2514 1123 2569 muti
1136 2516 1223 2570 nimis
1237 2517 1291 2572 ior·

143 2607 218 2660 tasse
238 2605 286 2659 diu
304 2605 478 2660 exstiterunt.
517 2604 572 2659 Sed
591 2605 659 2673 quid
677 2606 755 2658 tum?
776 2604 798 2657 si
818 2602 978 2658 consultent
996 2603 1129 2674 graviter,
1149 2622 1289 2676 exequan-

143 2697 189 2748 tur
213 2711 280 2750 vero
304 2712 453 2763 nunquam.
492 2693 646 2749 Concilium
665 2693 812 2761 indicitur,
836 2693 970 2747 statuitur
988 2693 1078 2760 locus,
1105 2693 1290 2765 dispiciuntur
1328 2738 1332 2769 ,

144 2781 263 2853 singula,
283 2783 312 2837 et
330 2799 363 2838 ea
381 2782 492 2851 quidem
512 2782 619 2837 solenni
634 2782 756 2851 quodam
770 2781 834 2850 ritu,
854 2782 904 2836 sed
918 2781 984 2836 dum
998 2782 1026 2835 in
1042 2781 1101 2837 dies
1114 2782 1187 2837 alius
1202 2782 1289 2839 alium
1330 2837 1332 2847 ,

91 2889 129 2929 aas
144 2873 286 2941 expectat,
309 2871 375 2925 dum
394 2871 510 2940 quisque
529 2871 583 2925 iter
602 2871 720 2925 edomat
739 2888 832 2939 suum,
856 2871 922 2925 dum
945 2871 980 2926 de
1000 2871 1110 2940 ordine,
1139 2888 1225 2941 quem
1242 2871 1288 2928 liic

144 2962 194 3014 aut
216 2958 265 3014 ille
289 2959 459 3013 consulendo
484 2959 592 3029 capiat,
620 2958 731 3030 longior
753 2962 797 3014 est
819 2959 998 3028 disceptatio,
1027 2960 1094 3014 dum
1117 2959 1183 3014 hinc
1202 2963 1288 3031 atquo
1329 3008 1332 3025 ,

143 3049 208 3104 hinc
232 3049 261 3103 in
285 3047 407 3102 medium
428 3046 593 3113 consulitur,
622 3046 710 3116 bona,
737 3049 818 3103 crede
837 3048 920 3115 mihi,
948 3049 1083 3118 temporis
1101 3066 1166 3119 pars
1185 3051 1288 3106 frustra

143 3137 245 3203 effluit;
273 3137 321 3191 sed
341 3137 375 3192 de
394 3138 448 3191 hoc
467 3136 548 3213 plura
566 3154 640 3192 nunc
659 3153 710 3192 nec
735 3137 803 3191 licet
830 3154 881 3192 nec
909 3136 980 3192 libet
998 3137 1132 3205 scribere,
1161 3139 1285 3209 quando·

143 3226 258 3295 quidem
277 3225 328 3279 illa
347 3224 416 3278 milri
435 3225 545 3293 meique
564 3225 702 3280 similibus
721 3226 867 3297 deplorare
886 3231 1006 3295 tantum,
1025 3226 1158 3281 adiuvare
1177 3229 1287 3299 penitus

143 3332 199 3370 non
219 3313 388 3369 conceditur.
413 3312 487 3368 Deus
507 3314 630 3385 optimus
648 3315 785 3370 maximus
805 3315 876 3369 tales
895 3315 1008 3369 tandem
1028 3298 1195 3373 Gerriianiae
1215 3318 1287 3389 priu-

143 3403 252 3472 cipibus
271 3402 409 3457 immittat
426 3403 543 3470 animos,
562 3406 594 3458 ut
611 3403 683 3458 nihil
702 3407 803 3474 putent
822 3420 880 3457 esse
900 3404 928 3457 in
947 3406 1008 3458 tota
1022 3404 1081 3458 vita
1095 3407 1286 3475 perniciosius,

143 3510 225 3560 (quum
246 3491 420 3547 Christianos
444 3492 562 3563 populos
586 3493 690 3547 mutuis
714 3494 788 3548 inter
807 3510 836 3546 se
854 3491 1008 3547 latrociniis
1028 3496 1077 3547 aut
1095 3495 1179 3549 bellis
1199 3496 1287 3568 digla-

141 3582 221 3636 diari.
258 3580 373 3635 Interim
397 3598 462 3636 vero
482 3581 547 3635 dum
566 3581 619 3636 illa
636 3585 685 3636 aut
703 3581 890 3652 negligentius
910 3585 1067 3637 tractantur
1094 3586 1145 3638 aut
1174 3586 1286 3641 omnino
1324 3566 1331 3571 ⁵

141 3670 334 3740 negliguntur,
353 3669 472 3724 fortasse
491 3670 579 3727 bonos
597 3672 741 3725 naucleros
759 3670 865 3725 imitari
884 3673 1017 3739 praestat,
1037 3671 1086 3740 qui
1100 3675 1288 3744 posteaquam

142 3776 218 3813 mara
243 3759 328 3814 altius
353 3758 472 3829 ingressi
497 3763 575 3829 snut,
604 3765 736 3829 tanquam
764 3776 797 3813 ex
823 3759 938 3829 specula
961 3759 1057 3829 aliqua
1080 3761 1163 3816 taciti
1187 3767 1289 3819 ventos

141 3851 393 3917 tempestatemque
417 3865 547 3903 sonoram
570 3849 705 3904 intentius
731 3849 969 3917 contemplantur,
998 3848 1086 3903 donec
1105 3850 1220 3906 coelum
1239 3851 1291 3908 ali-

142 3939 217 4007 quod
236 3938 359 3993 serenius
377 3937 547 4008 apparuerit.

211 4082 252 4135 De
266 4083 380 4152 negotio
395 4084 512 4138 Lutheri
531 4082 577 4136 vix
595 4081 684 4136 ausim
703 4081 821 4136 scribere
841 4099 912 4152 quae
932 4082 1035 4147 sentim
1055 4081 1096 4137 ita
1113 4100 1189 4138 nunc
1208 4085 1291 4143 vides

141 4189 158 4223 a
181 4171 321 4240 plerisque
345 4174 380 4227 nd
404 4174 572 4227 calumniam
596 4170 672 4225 trahi
695 4188 741 4239 ea,
768 4187 839 4239 quae
865 4171 1050 4226 sincerissimo
1077 4171 1164 4226 etiam
1192 4175 1290 4231 animo

140 4264 205 4313 sunt
228 4264 278 4314 aut
295 4264 399 4331 scripta
417 4265 467 4316 aut
485 4261 574 4328 dicta,
593 4259 866 4329 interpretanturque
886 4260 914 4313 iu
933 4277 995 4314 eam
1018 4277 1103 4329 quam
1121 4261 1178 4331 ipsi
1198 4264 1292 4319 velint

139 4352 264 4418 praestem,
293 4367 356 4404 cum
380 4368 433 4419 quo
457 4354 550 4405 tamen
574 4347 719 4404 hominum
742 4365 842 4418 genero
865 4366 920 4403 nou
945 4367 1053 4418 pugno,
1081 4348 1139 4404 sint
1164 4368 1216 4420 per
1242 4372 1290 4411 uic

139 4438 289 4507 unicuique
310 4438 407 4504 libera,
427 4438 510 4492 modo
528 4439 613 4505 recta,
632 4436 743 4491 iudicia.
782 4437 891 4507 Perlegi
911 4455 999 4506 nuper
1017 4437 1094 4492 illius
1111 4438 1243 4496 libellum
1258 4442 1289 4498 in
