2836 5034
440 337 673 386 nuramrscsn
698 337 822 384 sanan.
1134 319 1198 384 629

128 487 356 547 ιοιιουωηιαῐαθ
375 481 596 566 praestantiae
615 480 786 544 historiam
805 479 989 543 litterarum
1005 478 1198 544 Graecarum

128 590 288 673 aiscamur,
301 590 373 671 nisi,
387 611 451 673 quo
466 585 708 653 communitatis
723 586 851 652 vinculo
865 584 1030 650 variorum
1045 606 1198 670 generum

128 718 165 760 es
183 696 315 761 interae
334 697 561 762 contineantur
578 695 734 780 singulae,
757 693 845 758 velut
866 715 930 759 uno
952 699 1127 779 conspectu
1147 716 1198 760 co·

128 775 230 868 scatu⁶r
248 826 444 890 caussaeque
464 805 651 888 aperiantur
671 805 704 867 et
727 802 793 885 via,
816 824 880 886 qna
903 824 956 866 ars
979 823 1124 886 quaeque
1149 802 1199 865 rel

128 911 428 996 iplina,·postquam
452 934 509 995 per
532 911 652 996 gradus
676 909 832 994 quosdam
857 909 897 974 ad
921 930 1082 974 summum
1102 908 1201 973 fuerit

128 1018 220 1102 igium
235 1016 381 1098 adducta,
396 1021 529 1082 aeterna
542 1022 677 1080 naturae
692 1014 885 1079 necessitate
900 1037 957 1098 per
967 1016 1096 1080 eosdem
1108 1015 1200 1100 lapsa

128 1128 153 1187 et
171 1129 333 1206 postremo
353 1123 521 1188 exstincta
559 1121 650 1198 Quod
674 1120 854 1186 studiorum
878 1143 979 1207 genus
1004 1145 1076 1188 eum
1099 1123 1198 1187 maio·

150 1235 254 1295 aetate
279 1252 393 1314 parum
417 1229 662 1313 intellegeretur
680 1232 837 1312 quantam
858 1229 922 1291 vim
944 1228 1081 1294 haberet
1101 1252 1198 1313 quan·

128 1360 183 1422 que
204 1338 237 1402 in
257 1360 290 1402 se
312 1337 517 1423 gravitatem,
540 1341 608 1401 tum
633 1334 706 1400 inde
731 1336 772 1399 ab
796 1334 926 1419 Heynio
951 1334 1031 1427 adeo
1055 1336 1199 1402 omnium

130 1445 217 1509 tibus
246 1444 429 1528 persuaderi
458 1445 526 1509 eius
556 1443 732 1509 salubritas
756 1446 871 1527 coepta
894 1447 957 1525 est,
986 1446 1023 1507 ut
1050 1443 1198 1509 certatim

128 1574 148 1616 o
181 1552 365 1617 elaboretur
399 1574 526 1617 summa
558 1550 673 1615 virium
707 1550 897 1633 intentione,
928 1554 965 1614 at
997 1550 1197 1636 integrorum

128 1681 185 1722 um
212 1660 349 1741 iactura,
378 1682 460 1743 quae
483 1658 577 1723 nobis
602 1657 721 1722 invidit
742 1658 899 1740 temporis
923 1656 1091 1741 iniquitas,
1115 1656 1196 1722 fruc-

129 1765 242 1831 issimo
275 1767 411 1831 consilio
444 1766 647 1831 resarciatur.
693 1764 805 1830 Patuit
832 1764 919 1827 enim
947 1763 1017 1828 ista·
1041 1763 1199 1828 industria

129 1875 143 1937 t
167 1872 207 1937 ad
233 1874 339 1958 epicos
363 1878 486 1957 poetas,
509 1895 548 1936 ex
571 1894 636 1957 quo
656 1869 690 1935 F.
705 1871 744 1935 A.
759 1869 870 1934 Wolfii
894 1892 991 1935 suasu
1011 1869 1198 1936 Antimachi

128 1980 211 2064 {iriae
238 1980 476 2066 colligebantur
499 1977 754 2062 Schellenbergii
783 1977 905 2041 studio:
935 1980 971 2041 ut
998 1976 1094 2041 hodie
1122 1977 1199 2063 quid

128 2086 166 2152 ici
196 2091 310 2171 poetae
339 2085 577 2171 praestiterint,
605 2085 683 2170 quid
707 2081 892 2167 Choerilus,
920 2081 997 2167 quid
1020 2082 1199 2168 Euphorio,

158 2193 317 2277 Rhianus,
348 2195 516 2259 doctorum
545 2192 746 2278 quorundam
778 2191 921 2256 virorum
951 2190 1036 2255 curis
1066 2213 1198 2275 prorsus

128 2302 320 2385 pexerimus.
353 2300 427 2366 Non
447 2301 571 2366 minore
591 2322 749 2383 successu,
769 2299 825 2384 qui
844 2299 948 2363 lucem
967 2297 1090 2380 lyricae
1108 2299 1198 2382 possi

128 2412 220 2493 rent,
242 2408 316 2474 illos
340 2409 493 2474 aemulati
517 2411 601 2473 sunt
646 2407 692 2472 Vt
715 2407 802 2471 enim
826 2405 908 2472 nihil
932 2404 1037 2469 dicam
1061 2403 1100 2468 de
1123 2426 1199 2489 qua·

128 2515 225 2580 ertita
253 2537 353 2599 opera
375 2515 409 2579 in
432 2514 610 2580 Pindaricis
633 2513 827 2599 fragmentis
850 2513 958 2597 posita
980 2511 1054 2576 inde
1078 2534 1098 2575 a
1120 2512 1199 2576 cele

128 2622 192 2686 imo
222 2622 317 2686 huius
341 2621 523 2685 academiae
547 2621 714 2705 philologo
738 2617 933 2685 Schneidero
958 2617 1197 2702 Saxona‘nihil

147 2734 196 2793 est
224 2730 307 2814 quod
337 2751 408 2793 sese
435 2729 599 2812 neglectos
629 2731 803 2811 querantur
832 2727 883 2791 vel
912 2727 1046 2810 elegiaci
1070 2727 1197 2811 generis

128 2860 168 2901 ae
191 2837 376 2902 suavissimi
402 2836 450 2899 vel
475 2835 604 2900 iambici
628 2839 774 2918 repertor
790 2832 1005 2897 Archilochus
1029 2855 1101 2896 cum
1117 2833 1196 2917 Hip·

128 2949 201 3026 acte,
225 2944 274 3007 rel
301 2943 474 3008 Aeolenses
499 2938 632 3024 Sappho
656 2944 689 3003 et
713 2939 860 3022 Alcaeus,
885 2939 933 3002 vel
957 2938 1084 3003 doricae
1108 2940 1197 3023 lyrae

128 3069 151 3112 es
178 3050 358 3134 gravissimi
388 3049 539 3131 Alcman,
568 3047 786 3130 Stesichorus,
814 3047 945 3131 Ibycus,
975 3045 1197 3130 Bacchylides.

128 3155 227 3220 enieae
247 3160 354 3219 autem
375 3155 481 3239 poesis
501 3178 574 3219 cum
595 3157 682 3238 ipsae
701 3154 843 3238 origines
858 3154 1040 3239 praecipuis
1059 3152 1197 3237 philolo·

128 3283 173 3325 um
198 3262 312 3327 studiis
341 3263 538 3347 disceptatae
567 3263 633 3327 sint
655 3285 719 3325 non
744 3263 962 3345 mediocriter,
990 3266 1058 3325 tum
1089 3261 1121 3324 iu
1146 3285 1197 3325 co·

128 3389 214 3432 torum
233 3369 361 3452 quidem
382 3368 527 3452 reliqniis
548 3369 668 3452 insigni
684 3391 755 3431 curu
772 3369 864 3432 laude
882 3368 1002 3433 versari
1016 3367 1198 3434 Meinelrins

128 3472 214 3557 tituit,
235 3478 325 3540 cuins
350 3499 443 3540 curas
468 3475 673 3540 Menandrias
698 3474 820 3539 imitari
844 3476 1050 3557 studuerunt,
1079 3476 1134 3560 qui
1159 3475 1199 3543 de

128 3577 301 3664 latophanis,
328 3583 366 3647 de
391 3583 529 3666 Cratini,
553 3582 736 3666 Eupolidis,
761 3582 964 3646 l'lrcrecratis
994 3581 1128 3665 prenditis
1151 3582 1198 3649 fa-

131 3681 153 3745 is
172 3696 276 3754 nostra
299 3695 405 3754 aetate
430 3690 509 3753 hene
534 3694 728 3753 meruerunt.
766 3688 811 3752 l't
835 3712 897 3752 uua
917 3690 1085 3772 tragoedia
1104 3715 1200 3757 suum

128 3808 135 3848 ¹
162 3791 399 3862 instauratorem
434 3797 592 3861 desideret
625 3803 658 3860 et
691 3819 765 3861 vero
798 3797 896 3861 etiam
931 3798 1083 3880 postulet.
1130 3799 1199 3865 Nee

128 3916 175 3960 lae
200 3905 353 3969 orationis
381 3904 593 3988 scriptoribus
623 3904 861 3988 philologoruru
889 3904 1063 3990 diligentia
1086 3906 1199 3993 deluit,

128 4018 142 4057 θ
169 4012 296 4086 quidem
327 4013 360 4076 iu
392 4012 481 4077 nulle
515 4032 630 4095 genere
666 4012 768 4075 maior
801 4033 898 4095 quruu
932 4011 965 4074 in
999 4015 1199 4097 exploranda

128 4106 283 4182 oritorum
312 4123 381 4182 arte
404 4123 437 4182 et
462 4120 616 4182 memoria
642 4118 777 4182 exstitit.
823 4117 893 4191 Quo
922 4119 1137 4208 iaeturn'est,
1165 4131 1201 4190 ut

128 4210 410 4302 “tiquissimonrm
435 4224 673 4305 historicorum,
697 4225 751 4308 qui
770 4224 967 4310 logographi
987 4232 1097 4295 vocati
1116 4238 1202 4317 sunt,

128 4330 163 4373 ¹¹¹
201 4335 308 4396 mente
336 4331 511 4416 imaginem
540 4334 648 4394 tencre
676 4332 783 4413 liceat,
813 4337 849 4396 ut
876 4331 1055 4422 Hellanici,
1084 4338 1200 4406 Phere-

128 4461 141 4494 s
187 4439 230 4499 et
258 4459 381 4521 eorum,
412 4436 466 4521 qui
499 4438 532 4502 in
563 4437 813 4521 antiquitatibus
845 4440 967 4507 Atticis
1000 4446 1202 4530 explicandis
