2886 5032
147 315 211 381 636
526 324 762 373 nannmrscnn
785 324 915 372 aunan.

150 472 274 539 cantari
300 471 436 554 soleant,
460 473 530 534 tum
554 469 593 535 ad
613 491 685 533 eam
705 469 846 532 maxime
864 466 1064 552 philologiae
1081 469 1191 551 partem
1204 483 1249 546 per·

148 581 266 660 tinent,
300 600 382 661 qnae
415 576 524 661 ipsius*
551 577 683 662 linguae
716 575 834 640 finibus
866 573 1147 640 circumscribitur.
1183 569 1252 635 Velut

148 691 216 751 tam
236 688 287 750 est
305 706 416 749 verum
435 706 513 748 sane
537 705 635 767 quarn
659 682 793 767 planum
816 681 906 764 illud,
926 679 1013 766 quod
1032 702 1114 763 eum,
1135 680 1183 764 qui
1197 679 1252 742 bene

149 792 263 857 docere
286 792 375 875 velit,
399 790 512 856 dieunt
530 791 603 875 plus
622 791 738 855 debere
761 788 921 872 didicisse,
944 810 1042 872 quam
1064 809 1143 871 quae
1163 786 1255 861 doceat

150 899 303 983 quoniam
319 921 384 963 non
398 902 508 982 potest
526 897 683 982 profecto,
701 897 763 961 nisi
783 897 835 961 cui
853 895 1023 980 aliquanto
1042 896 1166 960 uberior
1182 911 1256 957 rerum

151 1006 244 1089 eopia
270 1007 305 1069 in
333 1007 486 1088 promptu
515 1009 578 1089 est,
602 1005 756 1069 dilectum
779 1004 900 1069 habere
923 1025 1050 1087 eorum,
1080 1023 1159 1087 quae
1178 998 1258 1081 cuique

150 1113 222 1177 loco
253 1115 286 1176 et
313 1111 454 1194 tempori
482 1116 561 1196 apta
588 1112 653 1176 sint
681 1116 713 1176 et
740 1110 900 1196 imprimis
928 1110 1088 1195 apposita.
1133 1107 1188 1173 Vel
1211 1124 1258 1169 cun

152 1218 337 1282 scholarum
352 1219 526 1302 magistros
542 1218 656 1282 iubent
669 1239 735 1283 non
753 1218 941 1283 intermisso
961 1217 1000 1282 in
1019 1216 1102 1281 dies
1125 1231 1260 1280 crescen-

151 1324 248 1388 tium
278 1325 461 1389 litterarum
491 1325 684 1390 commercio
709 1325 853 1389 animum
877 1346 915 1390 eo
938 1324 1120 1407 aduertere,
1145 1324 1179 1387 ut
1198 1314 1260 1404 quai

151 1452 310 1494 summam
341 1432 599 1515 complectantur
629 1453 755 1515 eorum,
790 1454 872 1516 quae
902 1431 930 1496 si
959 1453 1026 1496 non
1057 1427 1261 1503 recentissimis

153 1541 239 1602 certe
271 1539 507 1603 recentioribus
540 1539 722 1623 quibusque
755 1538 923 1604 doctorum
957 1538 1127 1604 bominum
1156 1533 1263 1618 dispun-

156 1644 301 1710 tionibus
326 1646 509 1729 explorata,
536 1645 712 1711 tradendae
736 1646 965 1730 grammaticae
989 1645 1150 1710 rationem
1171 1657 1261 1726 prono
1286 1684 1288 1693 =

153 1750 267 1835 verint,
291 1772 425 1836 eamque
439 1773 624 1816 summam
648 1752 722 1817 illos
737 1753 852 1818 volunt
865 1752 951 1817 iusto
971 1751 1121 1816 adhibito
1143 1755 1263 1831 tempere

154 1861 264 1921 mento
288 1857 321 1921 in
346 1857 531 1922 scholarum
555 1858 817 1923 consuetudinem
841 1857 1017 1942 prudenter
1043 1853 1264 1927 accommodam

155 1961 277 2046 alioqui
293 1964 380 2028 enim
395 1963 561 2029 fatendum
578 1969 627 2030 est
641 1988 844 2050 numquam
859 1966 906 2031 rei
925 1965 1139 2031 scholasticae
1158 1961 1264 2028 aliona

155 2069 401 2136 emendatum
418 2072 466 2136 iri.
500 2073 546 2138 Vt
565 2077 673 2137 autern
695 2074 735 2137 ab
759 2073 888 2158 linguae
912 2071 1074 2157 angustiis
1098 2076 1264 2137 transeamll

154 2175 189 2240 in
212 2177 312 2242 latius
336 2180 486 2262 patentes
510 2178 728 2263 philologicos
751 2179 942 2264 disciplinae
966 2177 1138 2243 universae
1160 2187 1265 2255 campll

153 2306 193 2349 ne
224 2285 277 2349 hio
306 2284 435 2368 quidem
466 2285 592 2351 animus
626 2286 728 2371 gestit
757 2285 790 2350 in
819 2285 907 2350 tritis
940 2284 1006 2349 illis
1038 2289 1071 2349 et
1100 2273 1265 2369 pervulgall

153 2391 299 2476 haerere,
324 2391 420 2476 quale
443 2392 506 2456 boc
529 2396 588 2477 est,
611 2393 696 2478 qnod
720 2415 798 2458 sane
817 2392 929 2478 lingua
947 2414 1093 2477 quaeque
1112 2413 1173 2456 non
1190 2380 1288 2474 potesl;

154 2498 218 2563 nisi
247 2498 436 2582 exscriptis
469 2499 651 2564 litterarum
675 2501 894 2565 monumentis
927 2497 1066 2584 addisci,
1100 2498 1168 2564 eius
1196 2492 1288 2578 igillf·

144 2606 303 2690 cognitio
333 2627 563 2689 saepenumero
591 2630 673 2673 nexa
700 2613 809 2673 estex
834 2606 1008 2694 sententiis
1032 2588 1266 2692 scriptorund

154 2735 234 2796 quas
263 2714 350 2796 ipsas
379 2715 613 2797 pernoscendae
644 2716 676 2778 in
700 2715 874 2798 propatulo
898 2717 949 2778 est
972 2713 1093 2797 requiri
1118 2709 1198 2777 baud
1218 2716 1266 2770 181⁰

153 2819 347 2901 locupletem
377 2821 567 2885 facultatem
595 2822 671 2886 talis
695 2823 930 2905 praeceptoris,
958 2822 1013 2905 qui
1037 2821 1071 2884 in
1095 2821 1193 2885 totius
1213 2802 1266 2878 auli*

155 2927 304 3010 quitatis,
332 2928 432 2991 etiam
457 2950 538 3011 quae
563 2928 710 2993 seiuncta
734 2934 785 2992 est
808 2930 849 2994 ab
873 2930 1004 3012 liuguae
1027 2927 1222 3009 cognitione,
1239 2914 1267 2977 s·

154 3033 377 3098 rniliaritatem
410 3057 480 3099 sese
511 3036 692 3099 insinuarit.
741 3034 871 3101 Habent
901 3036 1049 3119 prolecto
1081 3035 1160 3098 haec
1190 3018 1269 3093 anull

157 3141 221 3203 vim
238 3141 400 3224 quandam
418 3165 520 3225 suam,
543 3129 608 3207 non
626 3143 750 3207 habent
769 3143 997 3228 gravissimum
1016 3142 1157 3225 pondus,
1179 3134 1270 3202 lerion

154 3253 230 3311 stunt
259 3271 335 3332 prae
366 3271 417 3331 eo,
446 3250 530 3333 quod
561 3254 674 3334 restat,
704 3252 737 3314 in
764 3274 828 3334 quo
852 3251 918 3314 fere
943 3250 1050 3312 minus
1076 3247 1192 3312 versari
1213 3230 1272 3306 mul·

154 3360 261 3419 torum
293 3355 507 3439 cogitationes
539 3357 641 3421 video.
689 3358 794 3440 Atque
826 3359 857 3420 in
888 3357 950 3422 hoc
982 3358 1185 3440 potissimum
1214 3329 1277 3413 illud

154 3462 253 3545 cadit,
289 3462 373 3546 quod
406 3464 572 3546 prooemio
604 3464 843 3547 significabam3
880 3468 1105 3545 comparatum
1139 3462 1214 3526 enirn
1239 3440 1279 3513 esl

154 3570 213 3649 ita,
242 3574 277 3632 ut
301 3592 362 3632 non
388 3574 455 3634 tam
482 3572 521 3634 ad
546 3593 670 3653 eornm,
700 3571 754 3653 qni
784 3574 919 3634 utuntur
947 3569 1146 3632 scholastica
1173 3562 1282 3630 institss'

156 3676 258 3757 tione,
289 3700 384 3759 quam
417 3678 457 3740 acl
487 3677 602 3741 horum
633 3677 852 3741 condicionem
883 3677 1061 3759 pertineat,
1092 3676 1146 3759 qui
1170 3675 1198 3737 in
1223 3678 1285 3731 erss'

155 3782 272 3846 dienda
296 3785 411 3866 puerili
444 3789 551 3849 ructate
583 3785 681 3847 vitam
715 3788 941 3849 consumentes
975 3782 1072 3846 simul
1107 3774 1287 3867 philologiae

155 3913 286 3973 operam
311 3897 431 3955 navant
454 3915 555 3955 suam.
602 3893 685 3956 Nam
706 3929 748 3938 —
768 3896 804 3955 ut
823 3891 921 3954 libere
941 3889 1045 3955 dicam
1069 3928 1107 3935 -
1129 3891 1200 3953 sunt
1215 3883 1285 3946 haer·

155 3997 217 4061 duo
248 4022 338 4080 sano,
367 3999 573 4081 quantumvis
604 4004 688 4064 reete
717 4004 751 4064 et
774 3998 895 4062 rationi
920 3997 1149 4061 convenienter
1170 3994 1206 4057 ab
1226 3992 1284 4050 ⁰1¹⁰

154 4104 285 4168 homine
320 4104 457 4186 sociata,
494 4109 601 4167 tamen
636 4106 733 4168 etiarn
768 4109 881 4189 suapte
914 4109 1033 4167 natura
1066 4103 1172 4187 aliquo
1202 4087 1280 4160 m0d0

156 4210 301 4273 discreta.
338 4210 455 4272 lteoto
479 4214 587 4273 alutem
613 4213 740 4295 ascisci,
764 4235 846 4295 quae
870 4213 936 4274 fere
961 4235 980 4274 a
1004 4208 1202 4276 scholasticis
1220 4201 1276 4265 ἀπ’

156 4318 280 4381 toribus
296 4318 441 4381 videmus
461 4317 501 4380 ad
520 4319 699 4403 magisterii
720 4340 812 4382 ernas
833 4318 947 4381 ascisci
967 4319 1164 4404 philologica
1183 4303 1273 4377 studia

157 4424 295 4488 maxime
327 4422 458 4507 probari
489 4423 551 4488 hoc
581 4428 771 4508 argumento
803 4426 891 4507 put0.
936 4421 1011 4486 Etsi
1044 4424 1128 4488 enim
1158 4419 1270 4485 muner]s
