2836 5034
467 332 701 379 nsrnnusous
727 331 855 378 anons.
1162 309 1226 373 657

134 473 208 557 genii
221 475 390 539 notionem
409 475 523 538 societ:
542 475 670 559 quando
689 473 875 556 divinum,
894 469 1048 557 quicquid
1067 470 1228 534 humanae

134 579 215 644 »dnm
245 584 383 647 naturae
418 582 497 646 adeo
529 582 667 664 excedit,
699 586 736 646 ut
767 585 934 665 tamquam
967 577 1228 663 exsplendescere

134 708 185 769 pra
219 707 320 771 genus
358 688 545 753 mortalium
583 687 746 770 videatur,
783 709 847 753 non
885 686 1049 752 immerito
1082 686 1229 748 veterum

134 794 229 877 amplo
261 794 486 879 appellaveris.
542 794 586 859 Et
622 795 718 860 huius
754 795 885 880 quidem
917 793 1087 859 veritatem
1119 789 1229 855 iudicii

134 919 160 964 n
185 904 217 964 et
243 901 377 985 longum
405 901 450 966 sit
477 905 511 966 et
538 900 669 966 difficile
696 902 744 967 ita
767 902 993 985 comprobare,
1020 903 1057 964 ut
1079 900 1138 963 ant
1161 896 1229 960 uni-

134 1026 210 1071 ream
229 1007 331 1073 vitam
350 1030 497 1074 enarrem
517 1013 575 1073 aut
593 1009 739 1092 singulas
758 1007 979 1093 praestantiae
997 1008 1106 1090 partes
1120 1001 1228 1087 perse

134 1133 175 1196 ar,
196 1115 305 1180 nescio
325 1136 368 1179 an
385 1115 488 1180 multo
508 1115 655 1181 breviore
673 1115 727 1181 via
746 1119 898 1199 vestrum,
922 1113 1096 1195 auditores,
1119 1129 1228 1174 assen-
1317 1173 1319 1177 ,

134 1238 157 1282 n
178 1218 306 1284 laturus
325 1220 396 1303 sim,
419 1221 446 1284 si
466 1243 486 1286 a
505 1223 668 1288 contrario
687 1221 859 1306 profectus,
878 1221 955 1306 quid
973 1218 1106 1286 tandem
1124 1215 1229 1281 laudis

151 1325 236 1409 quod
259 1326 294 1390 in
315 1326 414 1392 Illum
437 1349 504 1393 non
532 1329 644 1394 cadere
668 1330 805 1414 putetis,
833 1350 995 1414 quaeram.
1041 1327 1110 1391 Aut
1131 1323 1230 1391 fallor

134 1431 142 1492 l
168 1431 223 1495 vix
251 1436 302 1496 est
328 1432 412 1516 quod
440 1435 611 1516 quaerenti
640 1435 882 1519 respondeatur.
928 1433 1003 1499 Sive
1030 1433 1118 1499 enim
1141 1432 1229 1497 vitae

134 1538 230 1603 satae
250 1538 480 1623 integritatem,
506 1540 760 1626 simplicitatem,
779 1540 1011 1624 fortitudinem,
1035 1541 1229 1606 suavitatem

134 1649 204 1727 stc,
228 1647 297 1711 sive
317 1645 595 1713 administrandae
614 1647 812 1732 reipublicae
836 1647 1026 1713 acerrimam
1049 1668 1159 1713 curam
1182 1646 1229 1710 in·

134 1772 190 1834 cr,
223 1752 291 1816 sive
321 1755 523 1838 contemplor
555 1755 675 1819 artium
710 1755 956 1838 litterarumque
988 1752 1098 1818 studia
1128 1774 1228 1836 prope

134 1861 234 1941 unpta
262 1881 280 1922 e
307 1861 464 1928 similium
491 1861 751 1946 comparatione:
778 1861 1005 1927 inexhaustam
1033 1858 1230 1943 suspiciendi

134 1964 299 2051 dandique
322 1968 492 2033 materiam
515 1967 654 2033 invenio.
691 1966 833 2044 Quarum
852 1967 995 2051 partium
1013 1966 1154 2050 primam
1172 1986 1230 2030 cnr

134 2071 156 2136 [c
179 2074 390 2157 potissimum
414 2075 485 2141 loco
509 2078 543 2140 et
566 2074 631 2140 diei
649 2097 805 2160 meaeque
822 2074 926 2159 ipsius
945 2095 1102 2158 personae
1121 2072 1228 2138 minus

134 2199 195 2244 ’em
228 2185 415 2266 convenire,
451 2183 486 2246 in
518 2181 693 2266 propatulo
725 2203 859 2246 caussae
892 2184 977 2245 sunt.
1031 2179 1154 2264 Quodsi
1186 2179 1228 2244 ab
1337 2230 1342 2240 .

134 2285 195 2351 lem
225 2308 364 2371 persona
395 2288 534 2353 alienam
565 2288 725 2371 dixeritis,
755 2288 932 2370 auditores,
961 2286 1093 2351 virtutis
1123 2285 1228 2350 civilis
1243 2295 1279 2336 Ἦ

134 2392 359 2460 stimationem
376 2396 412 2460 in
429 2395 570 2481 negotiis
588 2396 725 2479 publicis
745 2395 952 2479 conspicuae:
977 2415 1036 2459 nec
1055 2392 1228 2458 concedere

134 2524 138 2559 =
165 2521 348 2587 repugnare
376 2502 463 2567 omni
487 2525 525 2566 ex
552 2505 645 2586 parts
668 2523 809 2586 possum.
857 2499 942 2565 Nam
973 2520 1073 2584 genus
1097 2499 1226 2585 quidem

134 2606 163 2671 id
192 2608 379 2674 universum
407 2609 549 2692 etiamsi,
576 2613 613 2674 ut
640 2609 741 2674 libere
769 2608 888 2690 dicam,
916 2607 957 2671 ab
985 2604 1115 2671 homine
1139 2606 1227 2671 nullo

134 2714 265 2778 eraliter
292 2715 444 2781 instituto
471 2716 647 2781 abhorrere
675 2716 818 2799 credam,
846 2735 958 2780 verum
985 2713 1019 2776 in
1046 2713 1123 2778 boni
1147 2713 1227 2777 civis

134 2839 255 2883 aonam
278 2820 390 2886 cadere
414 2842 549 2905 eamque
568 2821 679 2885 decere
697 2825 735 2886 ut
753 2821 837 2906 quod
857 2821 1010 2885 maxime:
1032 2825 1142 2885 tamen
1162 2841 1226 2883 non

134 2923 277 2989 dicerem
309 2926 455 3010 profecto
489 2927 716 2993 difficultatem
749 2928 848 2993 habet
880 2950 990 2993 eorum
1023 2927 1226 3011 potissimum

134 3050 227 3094 crum
255 3032 423 3116 iudicatio,
451 3034 505 3117 qni
535 3055 606 3097 cum
635 3034 894 3118 splendidissima
921 3035 955 3099 in
983 3034 1054 3099 lucc
1077 3031 1226 3098 collocati

134 3137 228 3202 mium
251 3139 355 3204 oculis
380 3145 571 3223 appareant,
600 3140 718 3223 agendi
748 3141 860 3205 modos
884 3140 1156 3226 consiliorumque
1179 3161 1228 3203 ra·

134 3261 191 3309 mes
217 3245 418 3311 densissimis
446 3246 680 3312 taciturnitatis
711 3248 852 3313 tenebris
883 3249 1027 3313 occultas
1057 3269 1123 3313 nou
1154 3248 1227 3311 cori·

134 3357 259 3418 suerunt
281 3357 409 3418 tantum
433 3354 546 3438 celare,
570 3354 625 3418 sed
650 3354 795 3438 legitime
819 3359 851 3418 et
874 3376 913 3418 ex
936 3354 1042 3420 officio
1066 3376 1131 3419 non
1155 3376 1227 3437 pcs-

134 3458 169 3519 1
187 3481 252 3524 non
275 3460 385 3526 dedita
408 3483 505 3545 opera
533 3461 647 3526 celare.
692 3460 808 3545 Itaque
832 3460 917 3544 quod
939 3483 1004 3525 non
1028 3460 1228 3542 invenerunt,

134 3554 278 3632 fl’rectius
296 3566 546 3633 Hnmboldtiani
565 3567 928 3652 ingenii'ercellentiam
951 3589 1048 3651 quam
1066 3567 1227 3632 Pericleac

134 3675 303 3740 munuae
325 3679 563 3760 compararent:
587 3674 619 3738 id
638 3696 711 3738 cum
730 3674 825 3739 facile
844 3675 885 3739 ab
906 3696 1108 3759 unoquoque,
1131 3696 1226 3759 quam

134 3768 224 3844 lvere
247 3780 437 3865 iudicatum,
461 3783 632 3865 sentiatur,
660 3781 874 3847 demonstrari
898 3789 1007 3847 tamen
1032 3782 1093 3846 uisi
1118 3804 1137 3845 a
1159 3803 1228 3865 per·

134 3885 197 3951 litis
223 3887 310 3953 haud
338 3889 494 3973 potuerit,
522 3889 615 3973 quia,
646 3890 763 3973 quibus
793 3889 848 3953 ille
879 3891 939 3955 viis
969 3893 1003 3956 et
1030 3890 1155 3954 artibus
1186 3887 1227 3951 ad

134 3992 213 4058 llum
236 3994 405 4080 fastigium
429 3995 621 4078 escenderit,
650 4015 769 4078 magna
797 4017 835 4060 ex
864 4000 956 4080 parte
979 3997 1075 4061 iidem
1099 3997 1226 4081 ignora-

134 4106 171 4182 n,
189 4101 307 4184 quibus
331 4101 494 4167 Pericleae
518 4103 604 4166 vitae
623 4123 754 4166 cursum
773 4106 939 4187 tamquam
958 4105 1059 4169 oculis
1079 4102 1226 4168 comitari

134 4208 172 4269 u
214 4206 341 4293 Quippe
370 4210 431 4276 hoc
462 4211 568 4294 ipsum
599 4231 663 4274 non
693 4209 764 4274 sine
794 4232 920 4274 summo
953 4209 1076 4294 dolore,
1109 4210 1164 4295 qni
1192 4209 1227 4273 in

134 4325 193 4379 um
210 4321 377 4401 gestarum
400 4317 540 4383 historia
564 4338 695 4401 operam
719 4323 897 4399 posuerunt
921 4341 1021 4402 suam,
1043 4317 1156 4381 testari
1176 4337 1226 4380 sc-

134 4421 256 4487 tiuter
273 4424 502 4509 antiquitatem
521 4429 554 4488 et
572 4429 720 4490 nostram
740 4428 878 4489 aetatem
904 4427 1044 4490 maxims
1063 4426 1228 4506 interesse,

138 4544 177 4584 ru
196 4547 348 4583 nmcsscn
367 4547 504 4583 cessores
525 4548 549 4583 v.
980 4535 1014 4582 42
