2836 5034
139 340 205 404 452
428 351 686 402 raouroommr
711 353 757 399 nn
780 350 990 401 maiorisve

139 500 203 563 huo
233 497 436 563 referendum
467 520 537 562 esse
568 519 642 562 mox
674 492 894 581 apparebit.*)
940 493 1065 558 Verum
1091 494 1203 559 minine
1224 496 1270 561 in

140 606 315 670 eorundem
340 627 510 669 numerum
536 604 624 669 Trin.
647 627 675 668 v.
699 603 766 667 420
789 603 890 667 venit:

229 746 336 811 Minas
361 749 579 832 quadraginta
601 747 763 829 dccepstin'
787 769 807 810 a
830 743 975 830 Callicle,

142 912 213 953 cum
244 890 282 954 de
306 892 377 975 lege
403 891 585 973 usitatoque
608 890 734 953 ratione
759 889 792 953 iu
815 888 1020 972 paenultima
1043 891 1196 953 accentum
1214 888 1261 951 ha·

141 998 217 1061 beat
244 1000 424 1078 accepstirre:
456 1018 539 1080 quae
568 1018 628 1059 vox
658 1019 731 1060 cum
760 997 855 1062 unius
884 997 975 1080 pedis
1004 1017 1181 1060 mensuram
1203 995 1257 1077 ipso

141 1103 266 1167 ambitu
295 1125 352 1167 suo
382 1101 527 1184 excedat,
560 1102 593 1165 in
618 1124 711 1166 versu
739 1124 804 1167 non
828 1106 938 1186 potest
959 1124 1027 1167 non
1050 1101 1201 1185 duplicem
1223 1119 1254 1162 ac·

140 1215 270 1273 centum
293 1209 460 1292 darmstirae
481 1207 624 1291 recipere
649 1213 685 1270 ut
703 1207 826 1272 similia
844 1204 1021 1292 omnia.**)
1052 1207 1181 1272 Etenim
1198 1204 1256 1290 quod

143 1317 239 1400 longe
263 1316 471 1380 notissimum
495 1320 554 1399 est,
577 1314 713 1378 elisione
737 1301 904 1399 tamouam
929 1315 1117 1379 decurtatae
1139 1313 1168 1376 h.
1178 1335 1202 1377 e.
1219 1331 1260 1374 uua

28 1446 133 1486 ccxvu
144 1422 273 1505 syllaba
294 1422 459 1486 breviores
484 1422 586 1485 factas
611 1443 705 1486 voces
730 1421 894 1485 retrahere
918 1426 1088 1486 accentum
1111 1420 1143 1485 h.
1166 1441 1190 1482 e.
1212 1440 1265 1482 cun

141 1532 309 1593 accentum
329 1528 471 1612 recipere
490 1529 556 1613 qui,
580 1529 607 1592 si
626 1528 755 1593 brevior
774 1528 880 1592 forma
898 1527 1066 1611 primitiva
1085 1530 1179 1609 esset,
1202 1530 1269 1589 essct

141 1636 318 1719 legitimus:
344 1635 376 1698 id
399 1635 553 1720 quoniam
578 1635 668 1700 video
693 1636 849 1720 quosdam
874 1635 912 1699 de
931 1634 1124 1699 necessitate
1149 1632 1292 1719 quadamj

141 1737 372 1825 interpretatos
396 1764 475 1824 esse,
498 1765 538 1805 ne
562 1742 623 1806 hoc
647 1743 777 1827 quidem
801 1743 1069 1826 praetermittam,
1092 1741 1152 1805 sed
1170 1724 1292 1806 utram⁴¹

142 1848 224 1911 libet
246 1849 406 1913 rationem
431 1851 536 1913 dicam
560 1855 674 1933 poetas
699 1850 860 1915 arbitratu
884 1871 943 1913 suo
962 1852 1092 1912 secutos
1111 1870 1201 1913 esse:
1225 1849 1284 1933 qui·

143 1954 203 2016 bus
226 1954 319 2017 licuit
341 1960 416 2020 ante
441 1956 585 2021 vocalem
609 1956 659 2020 vel
682 1955 823 2038 amirati
840 1956 895 2020 lroc
913 1957 964 2020 vel
983 1958 1130 2037 accepera·
1148 1955 1206 2020 hoo
1223 1978 1285 2037 pro

143 2061 306 2144 nuntiare,
335 2063 384 2127 vel
408 2063 592 2127 adulesceati
614 2062 670 2127 has
694 2063 744 2126 vel
766 2063 986 2127 adamantem
1007 2062 1120 2140 audo,
1146 2062 1287 2128 velseri

143 2167 272 2230 heredum
299 2167 423 2251 appulit
451 2170 502 2233 vel
525 2170 717 2234 seriberiam
740 2169 906 2252 appellere,
938 2171 971 2233 et
994 2168 1153 2233 similiter
1178 2171 1290 2234 omnia

144 2273 236 2339 Vnde
260 2276 468 2360 consequitur
492 2281 541 2359 ut,
565 2277 718 2361 quamdiu
743 2277 887 2341 vocalem
909 2276 1107 2360 praecedens
1132 2277 1292 2353 scribend,

144 2382 193 2445 vel
220 2382 333 2446 ‹idaea-
362 2381 490 2466 (dduerri
511 2385 639 2465 oe'quom
666 2382 754 2448 Trin.
778 2383 835 2468 97)
860 2395 931 2449 'non
955 2389 1054 2450 exuat
1077 2385 1223 2468 spondei
1247 2407 1292 2448 na·

144 2493 260 2571 turam,
283 2510 324 2551 ne
348 2488 405 2550 illa
429 2489 558 2572 quidem
582 2489 748 2553 tralaticia
769 2490 892 2554 cdrmerle
914 2490 981 2568 lario,
1003 2492 1106 2555 se'cerle
1130 2491 1193 2555 laic
1218 2495 1292 2555 recu

251 2699 275 2767 *)
295 2698 348 2752 Vix
368 2700 461 2751 tamen
481 2698 535 2751 huc
555 2698 730 2751 referendum
750 2699 823 2753 Trin.
845 2707 909 2755 627:

357 2805 516 2859 Consuadet
535 2805 655 2874 homini,
676 2807 766 2862 credo.
799 2810 850 2859 etsi
867 2808 1001 2861 scelestus
1021 2811 1078 2861 est:

144 2915 192 2967 ubi
212 2931 266 2967 non
286 2913 375 2981 magis
395 2915 445 2965 etei
458 2912 574 2966 offendit
589 2929 673 2981 quam
689 2919 713 2966 et
726 2917 760 2977 si,
778 2914 941 2982 praesertim
957 2917 1021 2984 post
1035 2915 1290 2985 interpunctionem

145 3003 230 3055 illam.
270 3002 362 3055 Aliam
383 3002 419 3055 ob
437 3019 565 3056 caussam
583 3001 650 3056 hinc
669 3002 792 3056 alienum
811 3004 885 3057 Trin.
908 3010 970 3058 16³:

359 3108 432 3173 Quid
451 3109 504 3161 tibi
523 3125 575 3176 ego
595 3108 700 3176 dicam,
720 3110 767 3177 qui
786 3111 865 3164 illias
883 3111 1064 3180 sapientiam:

145 3232 210 3268 nom
235 3216 289 3269 iam
310 3217 410 3268 Plauto
435 3233 485 3284 pro
505 3216 608 3269 cretico
627 3217 704 3269 illiue
723 3234 785 3270 cum
805 3215 942 3271 similibus
961 3218 1102 3288 genetiuis
1123 3220 1211 3274 fuisse
1229 3221 1292 3286 clix,

145 3305 351 3359 demonstrabo.
391 3303 443 3374 [Cf.
470 3304 570 3373 Opusc.
595 3304 662 3372 phil
690 3305 712 3357 ll
738 3325 765 3374 p.
785 3311 850 3374 686,
879 3306 927 3359 ubi
954 3307 1086 3375 exposita
1116 3325 1292 3378 nequaquan

146 3394 310 3447 labefactari
329 3392 457 3446 Mueller-i
478 3393 513 3446 de
532 3410 603 3462 pros.
624 3412 650 3461 p.
671 3400 720 3447 341
733 3412 791 3462 sqq.
816 3394 1008 3463 disputatione
1028 3395 1062 3448 ad
1085 3396 1292 3461 Trin.¹v.163

145 3484 292 3537 annotavit
311 3481 501 3549 Ritschelius.]
575 3471 578 3478 ’

234 3573 274 3639 **)
295 3574 335 3626 De
355 3573 408 3624 hoc
427 3571 548 3625 maxime
568 3570 638 3625 miro
658 3572 760 3626 iudicio
780 3574 819 3625 sic
839 3576 990 3643 praecepit,
1009 3576 1058 3641 qui
1079 3577 1179 3627 auctor
1191 3575 1275 3632 docto-

146 3680 197 3714 nae
218 3661 398 3729 prosodiacae
418 3659 566 3713 Plautinae
585 3661 647 3713 vult
666 3662 775 3714 haberi:
797 3661 866 3714 ‘Vix
885 3661 983 3714 credas
1003 3661 1058 3715 dici
1075 3665 1105 3716 et
1119 3665 1270 3731 pronuntiari
1290 3652 1292 3677 ⁵

146 3750 395 3801 cramribilitritibue
423 3751 601 3817 indiligenter
628 3752 855 3817 sirppdraeitritar
882 3752 1067 3819 intellegentia
1096 3752 1263 3819 interpellato:

145 3855 199 3904 pro,
215 3837 316 3904 quibus
336 3838 464 3892 omuibus
483 3838 540 3891 alia
558 3839 749 3907 pronuntiatio
765 3839 915 3906 requiritur
929 3855 963 3892 ex
978 3840 1103 3909 pedestri
1117 3848 1145 3893 et
1158 3837 1257 3892 familiari

145 3926 278 3994 loquendi
298 3927 512 3995 consuetudine,
539 3930 788 3982 erricialrilitritibue
806 3930 981 3997 indiligenter
1000 3932 1215 3998 stipparosr'trilur
1228 3930 1253 3974 ir·

146 4016 296 4084 tellepe'ntia
322 4018 524 4084 interpellatio?
563 4016 645 4070 Cuius
672 4017 757 4071 verba
783 4033 847 4070 mea
871 4016 956 4070 facio:
991 4017 1036 4070 vix
1062 4017 1155 4070 credas
1177 4012 1250 4066 dicio

145 4105 320 4170 pronuntiari
343 4105 414 4158 talia
438 4105 571 4174 potuisse.
615 4106 698 4170 Quasi
723 4123 776 4159 non
801 4105 928 4175 singulae
952 4122 1036 4159 voces
1061 4125 1143 4159 unum
1166 4101 1249 4156 urbem

145 4193 328 4262 principalem
353 4197 513 4260 accentum,
542 4210 557 4246 e
582 4211 636 4260 quo
660 4194 745 4247 ceteri
770 4194 927 4248 secundarii
952 4195 1106 4264 pendeant,
1132 4184 1245 4261 qnoqueir

146 4282 270 4334 versibus
299 4285 409 4336 servato
438 4283 557 4335 satisfiat
589 4283 779 4336 consuetudini
811 4283 934 4353 linguae.
973 4284 1115 4354 [Ceterum
1140 4274 1245 4345 ccepti*

147 4370 237 4423 sorma
268 4370 321 4438 ipsi
351 4371 505 4424 Ritachelio
534 4375 591 4423 tam
622 4374 751 4441 suspecta
779 4374 878 4439 postea
905 4376 979 4440 erat,
1003 4375 1035 4425 ut
1058 4389 1119 4426 eam
1140 4365 1197 4424 tueri
1212 4372 1244 4412 ΝΒ

144 4457 280 4527 auderet]
