2886 5032
145 335 209 400 348
438 345 697 399 rnoaaoonsus
718 347 768 393 na
791 345 1002 395 armorumve

145 499 200 563 ubi
224 498 338 582 pedem
361 498 454 582 figas.
490 493 562 561 Nisi
587 490 672 576 quod
695 490 775 557 illud
798 489 962 556 affirmare
985 492 1186 558 confidenter
1207 491 1299 573 licet,

145 610 354 691 praepostero
384 604 504 670 iudicio
536 606 570 669 in
600 605 662 669 hac
693 624 809 668 caussa
836 603 987 667 universa
1017 602 1179 669 orationis
1201 602 1298 669 Milo·

144 714 261 778 nianae
295 712 452 778 editorem
481 710 679 776 Guilelmum
702 709 900 775 Freundium
931 731 1027 774 usum
1059 730 1147 775 esse:
1191 711 1248 796 qui
1282 732 1300 775 e

144 821 345 885 novieiarum
368 821 547 885 formarum
571 819 671 883 etiam
699 818 733 882 in
757 817 898 902 antiquis
922 818 1087 883 codicibus
1109 817 1299 903 frequentia

144 949 242 1010 quam
271 948 289 990 e
316 927 495 1011 priscarum
520 925 588 989 sive
612 926 690 989 item
713 925 897 1009 frequentia
919 926 985 989 sive
1009 927 1177 1010 paucitate
1201 948 1298 1012 argu·

145 1035 282 1098 mentari
306 1034 469 1117 maluerit,
497 1033 559 1097 hac
583 1036 692 1097 autem
716 1033 768 1096 via
791 1053 829 1096 eo
852 1033 1051 1118 pervenerit,
1079 1038 1118 1098 nt
1141 1035 1298 1121 antiquas

144 1141 267 1206 formas
290 1163 356 1206 non
380 1163 450 1206 esse
474 1140 639 1225 antiquas,
664 1139 719 1204 sed
742 1161 858 1223 novas,
881 1162 983 1205 novas
1007 1145 1117 1206 autem
1142 1163 1217 1206 esse
1241 1164 1300 1206 an·

144 1249 253 1332 tiquas
278 1249 340 1313 sibi
363 1247 585 1332 persuaderet:
608 1268 685 1310 nam
709 1246 781 1310 aliis
807 1268 919 1312 vereor
941 1252 978 1313 ut
996 1250 1206 1351 persuaserit.
1241 1248 1299 1314 Oe

143 1359 249 1419 terum
278 1378 342 1441 quo
370 1356 592 1422 vehementius
621 1355 660 1418 de
683 1356 779 1438 longe
803 1355 952 1439 plurimis
975 1355 1137 1422 fluctuant
1161 1357 1300 1441 codices,

144 1484 183 1527 eo
207 1464 363 1529 maiorem
388 1485 458 1528 esse
482 1463 578 1526 fidem
602 1484 713 1526 eorum
737 1467 887 1545 apparet,
917 1462 956 1526 de
979 1464 1098 1547 quibus
1122 1469 1184 1529 aut
1206 1487 1300 1529 num·

145 1592 241 1653 quam
266 1575 324 1635 aut
346 1571 521 1635 rarissimis
546 1569 702 1652 exemplis
726 1567 829 1633 eidem
852 1568 930 1633 libri
955 1569 1163 1636 dissentiunt

233 1676 324 1743 Haec
346 1678 447 1763 igitur
471 1699 543 1742 cum
566 1677 615 1740 ita
637 1697 707 1740 esse
730 1675 979 1758 intellexissem,
1010 1677 1204 1761 bipertitam
1230 1702 1301 1745 esse

145 1804 249 1847 meam
275 1784 308 1846 in
332 1783 394 1848 hoc
417 1804 534 1869 genere
558 1804 689 1867 operam
713 1803 842 1847 omnem
866 1780 1010 1866 volui*):
1032 1783 1081 1847 ita
1103 1785 1240 1868 quidem
1265 1792 1301 1853 nt

145 1891 209 1955 alia
239 1889 278 1954 ad
314 1893 419 1953 certae
450 1912 583 1955 normae
613 1888 845 1971 constantiam,
878 1889 1005 1974 qualem
1040 1891 1108 1956 fere
1141 1894 1300 1977 probasse

147 1998 364 2081 antiquiorum
388 1996 557 2081 diligentia
581 1995 869 2080 grammaticorum
893 1996 1065 2077 videretur,
1089 1999 1143 2063 vel
1167 2005 1298 2084 praeter

146 2103 306 2167 librorum
340 2103 567 2168 auctoritatem
601 2102 793 2186 redigerem,
829 2104 966 2168 servatis
1000 2108 1111 2170 tamen
1147 2108 1176 2171 si
1215 2130 1297 2192 quas

146 2209 245 2274 etiam
269 2210 457 2274 vetustioris
477 2210 594 2274 aetatis
614 2209 752 2294 vestigia
770 2209 928 2276 resedisse
948 2213 1145 2296 suspicarer:
1170 2216 1206 2279 in
1226 2215 1296 2280 aliis

144 2315 396 2382 inconstantiam
425 2316 585 2383 scribendi
615 2317 718 2393 sciens
750 2318 938 2401 probarem,
970 2320 1039 2382 sive
1066 2320 1218 2394 codicum
1246 2345 1296 2389 me

56 2436 133 2477 XCIV
147 2423 220 2487 fidei
249 2425 452 2509 mancipans,
485 2447 566 2509 quos
596 2424 698 2508 ipsius
727 2425 931 2509 antiquitatis
960 2427 1220 2493 inconstantiam
1249 2452 1293 2494 re

144 2534 352 2615 praesentare
375 2532 526 2615 viderem,
550 2532 618 2596 sive
642 2532 726 2616 quod
750 2536 896 2596 veterum
915 2532 1073 2616 exemplo,
1097 2537 1135 2598 ut
1151 2535 1289 2611 Quincti·
1326 2524 1335 2587 ’τ

144 2639 237 2722 liani,
272 2638 395 2723 aliquid
426 2661 496 2703 esse
527 2638 736 2722 intellegendi
767 2639 989 2704 commoditati
1021 2641 1232 2708 tribuendum
1260 2644 1288 2707 et
1326 2634 1331 2693 ἶ

145 2746 383 2810 concedendum
412 2747 585 2810 hodiernae
615 2745 839 2810 consuetudini
869 2746 1054 2810 arbitrarer.
1106 2747 1157 2812 De
1188 2751 1284 2833 priore

145 2857 254 2917 autem
287 2857 394 2949 parte·
414 2853 628 2936 reputandum
662 2856 712 2915 est
744 2873 794 2913 me
825 2873 891 2916 non
922 2874 960 2915 ex
991 2853 1086 2917 unius
1111 2852 1283 2920 Trinummi
1315 2842 1324 2873 '²'

145 2960 347 3024 documentis
377 2960 571 3041 decrevisse,
599 2959 654 3023 sed
683 2981 703 3022 a
725 2959 884 3022 memoria
906 2960 1058 3024 universa
1082 2958 1282 3026 Ambrosiani

145 3066 431 3149 palatinorumque
461 3065 642 3149 profectum
673 3087 756 3129 esse:
794 3086 999 3148 nequaquam
1032 3068 1118 3130 enim
1153 3091 1213 3152 par
1241 3067 1280 3130 est
1330 3096 1335 3100 ·

146 3174 328 3237 fabularum
348 3173 495 3238 condicio
517 3170 672 3252 omnium,
691 3170 745 3234 sed
766 3171 904 3234 aliarum
923 3173 1006 3235 ratio
1022 3173 1097 3238 alia.
1123 3174 1280 3239 Praeterea

147 3280 225 3342 illud
248 3279 491 3358 recordandum,
516 3277 600 3360 quod
626 3277 664 3340 de
684 3276 826 3340 Palatini
846 3277 880 3340 B
902 3281 1106 3361 praestantia
1128 3283 1161 3344 in
1186 3279 1278 3346 ort-ho

147 3387 311 3470 graphicis
334 3385 495 3469 imprimis
519 3385 694 3468 conspicua
718 3385 822 3466 capite
846 3384 892 3447 Vl
916 3385 998 3449 dixi:
1034 3388 1089 3470 qui
1115 3389 1212 3453 codex
1233 3407 1277 3450 an-

145 3494 317 3577 tiquiorem
342 3493 535 3575 scripturam
560 3492 748 3575 saepissime
773 3492 916 3555 servavit
939 3492 973 3555 in
997 3493 1213 3559 Ambrosia-no
1234 3491 1276 3555 ob

147 3601 334 3663 litteratam.

236 3705 281 3769 Vt
304 3729 323 3769 a
346 3707 435 3769 vario
460 3727 519 3767 usu
543 3727 563 3767 u
588 3706 717 3769 littera-c
743 3707 862 3785 ordiar,
891 3706 1032 3789 primum
1058 3713 1166 3772 autem
1190 3708 1225 3771 dc
1242 3719 1275 3782 qu

147 3813 260 3893 (licam,
284 3816 536 3875 consentaneum
561 3816 630 3874 erat
654 3816 687 3874 et
708 3815 780 3893 quoi
802 3814 912 3892 parcius
936 3818 1125 3879 constant-er
1148 3821 1180 3878 et
1200 3823 1275 3894 quam
1332 3804 1335 3855 l

146 3919 243 3983 scribi
273 3941 346 3982 cum
375 3919 534 3982 similibus
564 3918 731 3982 omnibus:
763 3919 826 3981 nisi
850 3920 935 4002 quod
960 3922 1229 4004 praepositionem
1247 3912 1275 3972 θῗ

146 4024 212 4089 vidi
236 4048 362 4108 semper
385 4047 453 4089 crura
477 4024 631 4108 scriptam
656 4028 688 4088 ct
712 4023 757 4088 sic
781 4026 934 4108 scriptam
954 4027 1105 4091 consulto
1124 4026 1216 4091 tenui.
1241 4016 1277 4079 11¹

146 4133 177 4195 A
208 4154 273 4195 non
305 4150 377 4209 Qrm
408 4137 536 4195 tantum
568 4152 663 4213 saepe
693 4132 853 4214 reperitur
885 4137 920 4196 ut
950 4155 978 4196 v.
1002 4133 1078 4198 404.
1103 4134 1180 4214 671,
1209 4130 1278 4192 item

147 4238 295 4322 (alsonia
314 4240 385 4321 175,
408 4256 492 4314 Qum
512 4237 673 4299 laecum-
696 4237 749 4317 45,
773 4261 854 4320 quae
879 4239 1039 4303 scribendi
1064 4242 1149 4305 ratio
1167 4262 1183 4305 e
1199 4232 1281 4303 ceri*

235 4467 262 4534 a,
282 4464 335 4536 [cp
356 4464 456 4533 opus.
475 4464 544 4532 pua.
563 4465 600 4516 ιν
621 4483 647 4534 p.
669 4466 845 4536 uesanos]
