2836 5034
363 125 628 173 rlrlannauuunls
653 125 857 172 l’th'l'lXAlt.
1123 110 1186 172 b'll

74 270 171 335 uentis
190 274 259 335 tum
280 272 316 337 in
340 272 420 356 ipsis
443 270 562 337 fabulis
586 268 742 334 admisso:
776 270 807 333 id
831 268 916 353 quod
940 290 992 350 ea,
1025 293 1122 355 quarn
1147 270 1188 335 ab

66 367 146 443 uitio
172 379 435 461 commemoravi,
467 377 741 444 commentatione
776 378 857 440 satis
889 399 947 460 per
975 376 1103 461 singula
1135 377 1189 441 de·

63 492 243 550 monstrasse
266 484 385 550 videor.
423 484 504 551 Cum
527 485 694 549 l'risciano
718 485 746 547 si
769 484 864 549 nobis
888 505 938 547 res
963 489 1058 566 esset,
1080 484 1188 549 erede·

10 612 12 617 ·
60 603 120 655 rem
139 592 276 677 quidvis:
309 593 372 657 hoc
396 615 495 657 unum
520 614 584 657 non
608 591 784 671 crederem,
813 591 863 655 vel
889 613 988 655 unum
1013 591 1132 656 bonum
1156 596 1189 655 ct
1205 616 1304 656 cren

18 700 21 705 '
57 698 237 764 concinnum
261 700 454 765 versiculum
479 698 520 763 ab
544 720 581 763 eo
605 720 780 782 procusum
804 720 884 780 esse,
908 699 961 781 qui
987 699 1105 761 mixtos
1129 698 1188 763 sci·

53 794 122 870 liet
150 829 168 871 e.
196 808 361 873 trochaico
390 812 423 871 ct
453 806 590 870 iambico
620 827 755 869 numero
779 804 992 869 Terentianus
1018 805 1091 868 illos
1115 828 1189 871 con-

50 926 177 998 wqucre
210 916 318 999 potuit
348 914 462 979 Adbuc
484 913 630 996 Archylis
663 934 742 994 qnae
773 912 910 977 adsolad
938 932 1073 992 qraereqne
1102 934 1188 993 opor-

54 1018 241 1106 flaqa
716 1059 718 1063 ,

126 1128 168 1193 In
202 1128 423 1195 didascalia
454 1128 634 1193 'frinumuri
671 1150 757 1191 nnnc
789 1126 957 1211 deperdita
990 1127 1074 1210 quod
1108 1127 1185 1191 olim

46 1224 159 1301 barm
179 1257 251 1299 esse
275 1237 396 1301 conieci
413 1235 577 1321 Parergon
593 1258 622 1318 p.
638 1236 712 1315 etta,
737 1252 852 1299 aaran
877 1251 980 1297 nunus
1006 1251 1189 1297 aaronitas·

46 1340 136 1419 ωε
162 1365 235 1407 cam
261 1343 405 1408 fabulam
429 1364 515 1425 esse,
538 1344 607 1407 eius
631 1364 681 1407 me
705 1342 907 1407 coniecturae
931 1364 994 1405 uon
1020 1341 1188 1425 praenituit

41 1438 252 1537 anugnavit
273 1456 383 1515 tamen
404 1474 476 1517 eam
492 1450 665 1515 Eduardus
680 1448 820 1514 Meicrus
843 1454 954 1512 noster
975 1470 1013 1513 eo
1030 1470 1188 1513 commen·

90 1556 168 1639 olo,
183 1558 277 1621 cuins
292 1578 360 1641 cap.
375 1556 405 1621 ll
421 1554 536 1641 [Ττίη.Ξ
547 1557 647 1642 praef.
657 1580 686 1641 p.
697 1555 789 1638 XlX]
805 1556 929 1620 mentio
944 1556 1030 1620 facta
1043 1561 1103 1637 est,
1127 1556 1188 1619 hoc

82 1662 168 1727 'em
189 1670 383 1749 argumento
407 1687 484 1729 usne
508 1664 603 1749 quod,
626 1686 699 1728 cum
722 1685 783 1749 ego
807 1668 893 1728 rectc
915 1664 1186 1729 demonstrassem

110 1770 275 1836 Romanis
291 1770 377 1835 ludis
396 1792 454 1836 nec
473 1771 597 1856 plebeis
620 1792 678 1835 nee
699 1770 946 1854 Apollinaribus
967 1794 1062 1855 posse
1081 1775 1187 1835 actam

128 1900 200 1943 non
216 1878 413 1961 cogitassem
433 1877 574 1942 deludis
593 1877 794 1943 funebribus.
822 1876 971 1961 Cogitavi
989 1900 1050 1961 ego
1069 1877 1107 1941 de.
1123 1878 1188 1942 illis

67 2062 70 2067 Ι
138 1990 204 2068 to,
232 1984 288 2047 sed
317 1988 354 2049 ut
376 1986 489 2049 alienis
514 1985 555 2049 ab
578 1986 640 2050 bae
664 1985 862 2069 quaestione.
908 1985 1095 2067 Eodemque
1119 1983 1188 2047 inre

112 2112 132 2155 e
165 2091 250 2156 adeo
281 2091 403 2155 maiore
434 2090 497 2155 dici
526 2095 679 2175 potuerat
709 2114 759 2155 ine
791 2114 853 2156 non
883 2091 1046 2175 cogitasse
1074 2091 1113 2153 de
1141 2090 1187 2153 eis

91 2198 99 2211 '
142 2220 227 2282 quos
252 2196 448 2262 dedicandae
472 2198 560 2262 aedis
579 2220 695 2262 caussa
714 2198 818 2262 factos
837 2220 907 2261 csse
926 2197 1052 2261 ostendi
1073 2220 1101 2280 p.
1113 2196 1187 2260 287.

101 2355 109 2367 .
163 2304 294 2388 Quippe
327 2303 436 2368 dedita
468 2326 567 2388 opera
599 2305 640 2369 ab
673 2303 952 2385 (extraordinariis,
985 2303 1097 2387 quales
1131 2322 1188 2385 per

92 2410 179 2475 'ores
204 2412 467 2494 opportunitates
491 2412 558 2475 fieri
583 2416 771 2496 potuerunt,
799 2418 903 2476 statos
932 2411 1025 2474 ludos
1048 2409 1186 2474 discrevi

45 2508 49 2513 ¹
81 2516 90 2531 ’
113 2518 216 2582 certis
240 2518 355 2582 diebus
378 2519 553 2602 quotannis
577 2518 728 2599 redirent,
751 2519 930 2602 horumque
950 2518 1092 2581 solorum
1113 2536 1186 2579 eon·

109 2632 180 2688 tem
211 2626 429 2710 frequentiam
461 2625 695 2710 respiciendam
729 2627 838 2709 putavi
872 2626 924 2688 ubi
959 2648 1022 2688 non
1053 2630 1120 2687 tarn
1154 2622 1185 2685 id

101 2738 193 2795 retur
218 2740 254 2795 ut
276 2732 487 2797 concludendi
512 2734 706 2797 necessitate
730 2757 853 2815 verum,
877 2756 974 2816 qumn
999 2737 1034 2795 ut
1058 2730 1185 2793 ratioci-

104 2840 138 2902 di
168 2839 402 2923 probabilitate
426 2842 564 2903 maxime
589 2839 692 2903 simile
717 2840 782 2902 veri
808 2846 982 2902 erueretur.
1028 2837 1073 2901 llt
1097 2838 1183 2899 fune-

10 3032 13 3041 Ι
142 2946 272 3030 quidem
302 2945 393 3009 ludos
424 2948 510 3029 ipsos
540 2947 689 3030 quotiens
714 2948 845 3009 ‹nuuiuo
871 2947 927 3010 illa
950 2950 1057 3009 aetate
1081 2944 1185 3007 factos

10 3052 113 3127 ,hae
139 3052 262 3117 Romae
291 3054 502 3136 putabimus?
552 3053 584 3117 lu
615 3055 732 3139 quibus
763 3054 847 3137 «prod
872 3054 1017 3133 lurcrere,
1045 3074 1117 3116 cuin
1147 3052 1185 3113 de

27 3167 60 3248 ξ
86 3188 114 3211 ce
139 3189 141 3195 ·
190 3182 222 3223 m
248 3161 476 3224 commissione.
500 3162 673 3245 quaeritur.
697 3162 852 3243 cogitatio
877 3167 986 3225 nostra
1011 3159 1185 3238 consucvit,

72 3340 78 3353 „
97 3268 177 3331 -ntis
202 3266 360 3350 singulari
384 3289 460 3330 casu
485 3270 634 3331 effectum
661 3267 719 3331 hoe
745 3274 807 3345 est,
836 3266 920 3349 quod
946 3292 962 3328 e
986 3290 1039 3329 sex
1065 3264 1184 3328 l'alnrlis

28 3371 56 3456 js*
86 3373 243 3438 mtianis
272 3371 351 3436 duas
380 3373 536 3436 traditum
567 3380 617 3436 est
647 3396 703 3456 per
727 3373 909 3436 funebrium
935 3373 1097 3443 linlorurn,
1130 3372 1183 3434 sed

112 3478 222 3563 dem,
246 3480 450 3544 occasionem
475 3484 562 3543 aetas
587 3502 667 3543 esse.
714 3478 834 3542 Verum
864 3480 896 3543 hi
926 3479 990 3543 ludi
1017 3480 1182 3543 recordan-

92 3611 111 3636 ὐ
142 3592 192 3650 cst
219 3585 255 3649 in
283 3585 373 3649 cuius
401 3586 556 3651 honorem
581 3586 657 3649 faeti
684 3586 764 3649 sint:
802 3586 857 3669 qni
883 3588 943 3649 fuit
968 3586 999 3649 ll.
1025 3587 1184 3649 Aemilius

33 3699 42 3726 ²
70 3699 77 3724 ’·
101 3692 182 3775 rlus,
205 3694 255 3756 vir
273 3697 306 3755 et
326 3695 520 3757 auctoritate
541 3702 573 3755 et
592 3694 700 3775 grafia
720 3693 830 3776 prpuli
852 3694 884 3756 iu
904 3695 1014 3775 paucis
1036 3694 1184 3775 insignis,
1198 3717 1307 3756 ‹uoxm

98 3828 128 3854 u
159 3800 317 3885 singulari
342 3801 462 3883 pietate
487 3806 524 3876 Q.
548 3799 668 3863 Fabius
693 3804 725 3861 et
752 3799 782 3861 l‘.
802 3802 969 3864 Cornelius
995 3802 1050 3863 tilii
1077 3822 1182 3884 prose·

44 3902 108 3989 §tl
129 3912 219 3972 aunt:
256 3906 338 3971 adeo
362 3913 398 3971 ut
421 3908 571 3971 inusitati
595 3907 728 3970 lionoris
753 3908 960 3991 praeeipuam
985 3910 1181 3972 mentionem

47 4012 212 4099 triptores
236 4012 347 4079 dedita
370 4037 469 4099 opcra
492 4014 644 4095 feceriut,
668 4013 862 4077 Plutarchus
887 4016 941 4079 vit.
966 4014 1056 4077 Aeni.
1081 4040 1106 4075 e..
1130 4013 1181 4089 aa,

40 4112 199 4186 Diodorus
216 4121 294 4185 Ere.
314 4145 344 4205 p.
359 4122 423 4186 584
440 4144 495 4205 sq,
521 4121 672 4203 Polybius
698 4122 733 4183 l'r.
760 4122 777 4184 l.
794 4120 926 4203 XXXll,
946 4125 993 4184 ll.
1035 4121 1090 4183 Sat
1119 4120 1180 4182 usi·

40 4226 122 4293 lntus
152 4250 296 4312 pompae
324 4227 469 4291 funebris
498 4227 648 4310 splendor
678 4229 739 4289 luit.
768 4234 800 4288 et
824 4229 932 4291 verrius
956 4228 1180 4309 esserpriarurn
