2836 5034
333 336 628 386 emruuurreneu
653 338 727 384 uuo
750 324 956 385 lusercuns.
1153 316 1217 379 705

71 498 134 561 que
166 479 226 561 sit,
256 477 457 563 praefamur,
488 486 559 545 tum
587 480 714 545 eosdem
746 480 847 544 animi
878 501 990 544 sensus
1019 477 1074 561 qui
1105 478 1217 540 uestro

68 583 206 649 nemine
233 605 343 650 ceram
370 589 547 670 testentur,
579 588 705 672 legatos
733 585 933 651 academicos
963 584 1005 648 ad
1033 582 1101 647 Vos
1129 581 1217 647 misi·

67 711 143 755 mus
167 690 194 755 Ι.
218 689 257 755 G.
280 690 315 756 L.
338 692 441 776 ipsius
469 693 689 759 universitatis
712 690 852 757 Vestrae
881 690 960 756 elim
984 691 1163 772 alumnum,
1186 691 1220 753 et

65 795 92 861 Ι.
116 795 156 862 Β.
182 796 240 881 Η.,
261 798 355 864 illum
378 799 599 884 historiarum,
623 800 708 864 hunc
731 799 917 883 theologiae
941 797 1121 864 catholicae
1143 796 1221 861 Pre-

10 982 19 1009 Ι
62 903 232 970 sessorem
253 904 288 970 P.
304 905 356 971 0.:
380 908 534 992 aquibus
554 907 615 972 hae
629 906 733 972 Vobis
753 908 882 972 litterae
901 928 973 970 cum
993 903 1221 970 observantiae

61 1012 305 1080 testificatione
335 1021 372 1080 ut
401 1002 589 1081 confidimus
617 1016 848 1081 facundissima
877 1013 1060 1078 reddentur.
1105 1010 1220 1075 Velete

61 1120 235 1206 nobisque
257 1121 374 1188 favete.

159 1243 285 1310 Datum
308 1246 443 1312 Bennae
466 1245 513 1310 VI
536 1245 613 1311 Idus
637 1246 794 1312 Octobres
818 1268 846 1308 a.
869 1261 1043 1309 uecccux.

544 1498 756 1507 ...ρ-.-

638 1694 667 1756 8.

72 1846 312 1915 Weihetafel
333 1874 406 1917 von
424 1852 490 1917 der
503 1849 1026 1935 Philelegenversamrnlung
1044 1850 1083 1915 in
1099 1847 1223 1915 (lotha

240 1958 327 2024 1840
351 1956 551 2024 Gettlried
573 1956 769 2022 Hermann
793 1957 1063 2041 dberraicht*)

169 2114 204 2193 Q.
218 2116 254 2182 B.
269 2114 304 2181 F.
319 2116 353 2181 F.
369 2116 405 2193 Q.
420 2115 451 2182 S.
472 2116 569 2197 ¹Vire
593 2118 769 2183 immortali
790 2188 791 2193 .
806 2117 989 2183 Godofredo
1013 2117 1218 2189 Hermanno}

64 2222 265 2305 jeritieerum
294 2225 458 2288 communi
486 2228 520 2288 et
547 2223 753 2308 popularium
777 2226 811 2287 et
833 2227 1017 2287 exterorum
1035 2223 1046 2305 ΙΙ
1064 2222 1225 2287 sententia

57 2312 61 2319 ¹
92 2328 220 2415 principi
236 2330 248 2414 fl
265 2330 352 2415 qnod
376 2330 558 2396 litterarum
583 2331 790 2414 antiquarum
810 2329 895 2395 inter
914 2327 1093 2395 Germanos
1117 2327 1226 2392 studia

57 2418 61 2441 ³
94 2432 269 2522 elanguere
283 2436 479 2501 resuscitata
493 2436 663 2501 severioris
678 2436 759 2501 artis
774 2435 910 2500 vinculis
929 2435 1082 2500 astrinxit
1101 2438 1226 2518 erepto

96 2558 147 2623 que
166 2543 240 2607 aliis
265 2543 419 2628 gentibus
439 2542 639 2627 philologiae
658 2543 844 2627 principatu
864 2542 897 2606 iu
917 2563 1102 2626 supremum
1122 2541 1226 2624 digui-

10 2710 19 2719 .
97 2646 160 2713 biis
182 2649 289 2714 lecum
314 2651 435 2715 evexit:
509 2650 594 2734 quod
626 2649 831 2734 antiquitatis
864 2653 1076 2714 monumenta
1109 2647 1227 2712 litteris

10 2786 23 2821 ε
97 2757 282 2841 eemignata,
305 2777 369 2840 qua
392 2757 520 2821 ratione
540 2779 612 2821 cum
632 2756 671 2820 ad
691 2756 866 2839 pristinum
885 2756 1027 2820 nitorem
1047 2753 1228 2822 revocanda

10 2894 23 2924 .-
68 2858 153 2957 ¹turn
177 2863 264 2929 iacto
292 2864 480 2930 firmissimo
510 2864 639 2928 criticae
668 2864 747 2927 artis
776 2863 989 2928 fundamento
1020 2868 1105 2928 recte
1130 2864 1227 2928 intor-

17 3040 22 3045 ,
94 2968 382 3054 pretendaaessent,
405 2975 438 3035 et
462 2970 626 3054 praeclare
650 2969 760 3033 docuit
783 2974 815 3033 et
835 2970 1102 3035 luculentissimis
1123 2993 1228 3036 exem·

10 3092 23 3132 ε
92 3070 149 3153 plia
169 3077 453 3142 commonstravit:
531 3074 616 3161 quod
640 3077 888 3159 grammaticam
917 3081 1020 3143 artem
1050 3078 1091 3142 ab
1121 3099 1230 3143 rerum

10 3198 19 3233 ῑ
94 3183 271 3267 agnitione
300 3183 341 3247 ad
369 3205 558 3247 caussarum
587 3181 828 3267 indagationem
852 3183 1035 3248 traductam
1059 3184 1231 3249 incredibi-
1316 3180 1320 3189 ’

83 3276 161 3352 :liar
182 3289 282 3373 auxit,
306 3288 451 3354 Graecae
475 3294 584 3355 autem
606 3290 752 3375 linguae,
776 3313 874 3374 quam
898 3290 982 3354 haud
1007 3291 1173 3358 immerito
1197 3293 1231 3358 in

79 3384 147 3459 *dle
175 3396 331 3460 revixisse
366 3396 469 3479 dicas,
507 3401 698 3480 praeceptor
732 3397 833 3460 tetius
866 3396 1059 3462 Germaniae
1097 3400 1233 3483 exstitit,

91 3496 184 3587 sque
213 3503 373 3568 beneficio
406 3502 445 3567 de
476 3501 752 3588 promovenda**)
786 3524 821 3567 ra
853 3502 1052 3568 scholastica
1080 3506 1233 3571 universa

62 3676 65 3681 .
101 3598 260 3693 &gater
282 3610 419 3674 meritus
444 3614 505 3675 est:
565 3607 648 3693 quod
673 3631 747 3672 rara
775 3608 841 3674 oris
869 3608 1022 3674 facundia
1050 3612 1233 3697 elegantiae

51 3804 55 3809 Ι
99 3704 203 3780 fflnae
225 3721 259 3781 et
282 3716 438 3800 antiquae
467 3714 688 3798 simplicitatis
712 3720 746 3778 et
768 3737 897 3780 sensum
921 3721 954 3781 et
977 3717 1122 3783 studium
1148 3721 1235 3785 nriri-

175 3976 198 4047 ⁸)
216 3979 415 4052 [Abgedruekt
431 3978 461 4033 in
480 3977 533 4032 den
547 3977 784 4047 Verhaudlungen
802 3977 852 4032 der
870 3978 975 4034 dritten
996 3981 1152 4042 deutschen
1172 3988 1237 4043 Phi·

10 4058 16 4099 l
103 4050 408 4139 bleemvmommlung
436 4067 475 4137 (in
499 4067 592 4122 Getha
617 4071 695 4131 1840)
723 4085 750 4137 p.
770 4074 816 4134 423
850 4067 901 4122 der
924 4087 979 4124 ven
999 4070 1113 4128 Ritaehl
1138 4094 1237 4148 vorge·

10 4144 20 4207 Ξ
105 4136 168 4216 Q
182 4151 308 4212 Fntwurl
325 4174 359 4211 aa
378 4155 471 4211 dieser
489 4155 643 4210 Vetivtalel
663 4172 720 4209 war
738 4154 912 4226 einstimmig
931 4173 987 4212 von
1007 4159 1057 4213 der
1076 4161 1237 4221 Versamm·

10 4286 13 4315 ς
62 4252 69 4283 ¹
108 4224 164 4306 ΜΕ
177 4244 320 4314 repeseni
336 4244 460 4314 worden,
479 4263 500 4300 s.
520 4260 544 4298 a
563 4260 587 4297 a
607 4242 638 4296 Ο.
658 4259 685 4311 p.
705 4250 731 4299 6.
768 4244 796 4298 C.
816 4244 874 4314 W.]

10 4248 74 4647 ἦ
111 4342 296 4509 ¹⁸:253oe
304 4351 491 4509 chptffehlt
508 4350 536 4404 in
555 4349 619 4403 dem
638 4350 770 4404 Abdruck
790 4367 814 4408 a.
825 4368 850 4406 a.
863 4354 904 4422 0.,
925 4356 1013 4411 findet
1032 4355 1094 4411 sich
1113 4358 1180 4413 aber
1199 4360 1238 4414 im

152 4533 186 4577 'a
198 4542 346 4583 mesenam
366 4544 504 4582 oevscvna
523 4544 548 4579 v.
989 4541 1024 4588 45
