2886 5032
146 327 209 390 714
371 339 604 387 uuvurmscuu
629 326 849 404 tuscanica,
872 338 1065 406 ADRESSEN,

703 481 733 545 b.

234 625 467 691 Vniversitatis
497 624 692 690 Fridericiae
726 623 918 689 Guilelmiae
951 623 1125 690 Rhenanus
1141 623 1151 705 ΙΙ
1167 622 1258 686 Rector

145 739 178 798 et
193 732 331 798 Senatus
345 731 354 799 l
371 731 514 798 Civibus.
532 733 543 816 ΙΙ
560 730 755 795 Meministis
772 753 869 814 quam
884 731 1020 796 insolita
1033 730 1159 794 licentia
1175 749 1259 791 mense

145 841 294 924 Augusto
323 840 419 904 buius
447 838 525 902 anni
547 860 621 901 cum
644 837 753 921 legum
777 838 966 902 auctoritati
991 842 1059 901 tum
1083 858 1201 900 morum
1220 835 1259 898 ho

145 946 264 1009 aestati
288 968 308 1009 a
331 946 443 1010 multis
467 949 611 1009 vestrum
635 944 766 1007 illusum
792 944 848 1007 sit:
873 966 970 1028 quam
989 943 1135 1009 effrenati
1157 965 1208 1027 per
1226 963 1260 1004 ur·

147 1051 195 1114 bis
228 1052 316 1115 vicos
348 1052 508 1115 tumultus
539 1051 690 1114 nocturni
724 1049 814 1115 editi:
853 1072 951 1134 quam
985 1051 1146 1115 obstinate
1177 1049 1261 1112 debita

147 1157 394 1240 magistratibus
426 1155 617 1221 academicis
648 1156 853 1221 oboedientia
881 1156 1016 1221 omissa:
1054 1162 1173 1240 quanta
1197 1162 1262 1239 petu-
1306 1230 1308 1243 Ι

145 1263 249 1328 lautia
281 1276 447 1328 carcerum
477 1263 680 1347 publicorum
713 1261 839 1326 foribus
869 1262 1011 1328 effractis
1041 1266 1186 1346 eruptum
1213 1283 1263 1325 eva·
1305 1258 1308 1361 ἶ

146 1392 288 1454 sumque.
335 1370 416 1434 Tam
444 1370 578 1455 indigna
607 1368 846 1433 existimatione
875 1372 985 1432 vestra
1013 1368 1156 1433 facinora
1182 1367 1263 1432 uobis-

146 1499 218 1541 cum
251 1477 443 1562 intellegitis
475 1499 540 1542 non
573 1476 704 1559 impune
737 1475 842 1538 licere.
890 1474 1099 1559 Quapropter
1127 1498 1194 1541 cum
1219 1475 1264 1539 alia
1305 1470 1308 1509 ³

147 1584 285 1647 aliorum
310 1589 343 1649 et
366 1584 462 1668 culpa
484 1587 518 1647 et
541 1605 646 1667 poena
668 1581 781 1663 fuerit,
804 1584 874 1645 tum
896 1581 931 1645 in
953 1581 1035 1646 duos
1059 1587 1199 1648 vestrum
1218 1603 1265 1646 uon
1302 1574 1305 1579 ’

146 1691 310 1773 potuimus
335 1691 412 1774 quin
436 1713 474 1755 ea
497 1690 671 1754 severitate
694 1687 1034 1772 animadverteremus,
1058 1712 1123 1774 qua
1145 1695 1176 1753 et
1197 1687 1265 1752 iusti·

147 1796 210 1860 tiae
235 1796 443 1863 sanctitudini
472 1802 505 1861 et
531 1797 681 1881 publicae
709 1793 876 1859 securitati
905 1798 937 1858 et
966 1795 1168 1860 academicae
1190 1792 1265 1858 saluti

147 1902 360 1987 insigniorem
389 1904 422 1968 in
450 1904 582 1969 modum
611 1902 691 1967 satis
718 1902 818 1967 fieret.
870 1900 959 1966 Scire
986 1902 1090 1986 igitur
1118 1924 1174 1967 vos
1200 1901 1265 1965 volu·

145 2031 216 2073 mus
234 2010 245 2093 ll
263 2007 300 2074 O.
323 2010 360 2074 Α.
384 2010 423 2076 Α.
447 2010 483 2076 d.
507 2007 778 2092 Confluentinum,
801 2008 880 2073 iuris
904 2007 1089 2074 studiosum
1114 2014 1146 2073 et
1169 2004 1267 2074 ΟΜ.

146 2115 350 2202 Brigensem,
382 2119 462 2182 item
493 2116 675 2181 studiosum
706 2116 798 2198 iuris,
821 2116 832 2198 ΙΙ
855 2137 936 2200 quos
965 2116 1000 2178 in
1030 2115 1165 2181 ducibus
1193 2120 1267 2198 atquc
1306 2150 1308 2219 Ι

147 2223 369 2310 antesignanis
397 2225 566 2289 turbarum
594 2223 723 2287 illarum
752 2222 851 2286 fuisse
880 2222 1100 2287 intelleximus
1129 2227 1269 2287 contuma·
1305 2226 1308 2323 l

147 2331 277 2414 ciacque
297 2335 329 2395 et
348 2332 523 2415 magistros
543 2333 576 2395 et
591 2330 720 2395 eosdem
736 2328 944 2393 administros
963 2329 1155 2413 praecipuos
1174 2348 1270 2412 cogno
1306 2334 1308 2381 Ι

148 2437 264 2521 vimus,
294 2437 355 2502 hac
385 2437 596 2502 universitate
625 2457 766 2522 agroque
789 2434 955 2501 Bonnensi
978 2459 998 2500 a
1023 2437 1120 2501 nobis
1146 2437 1271 2501 exclusos

149 2566 219 2608 esse
248 2549 345 2629 atque
374 2544 408 2608 in
436 2548 628 2628 perpetuum
652 2543 827 2628 relegatos:
861 2542 1118 2627 confidimusque
1142 2566 1203 2608 uon
1224 2562 1271 2606 ne

147 2651 288 2715 diocrem
312 2656 345 2714 et
369 2649 642 2716 commendandae
665 2649 868 2713 innocentiae
893 2654 925 2713 et
947 2649 1095 2714 libidinis
1119 2650 1271 2735 reprimen-

147 2758 205 2820 due
230 2757 296 2820 vim
320 2759 419 2821 talem
445 2756 625 2838 castigandi
648 2756 874 2819 necessitatem
898 2755 1095 2822 habituram.
1128 2757 1271 2822 Debemus

148 2864 280 2928 Bounae
304 2863 374 2927 Kal.
399 2862 473 2926 Dec.
497 2885 524 2926 a.
549 2880 762 2951 olomuc-ctu.

696 3254 744 3316 16.

164 3396 315 3460 Probeu
339 3396 403 3459 der
427 3395 603 3458 Anreden
633 3418 678 3458 au
707 3395 766 3467 dje
791 3394 1006 3459 Stridenteu
1030 3418 1088 3459 am
1115 3396 1261 3461 Schluss

313 3503 377 3566 der
400 3502 627 3566 Prooemien
651 3501 715 3564 der
740 3501 1127 3587 Lectiouskatalogc.

266 3713 299 3801 a)
323 3716 377 3780 lm
402 3717 640 3780 Prooemium
669 3716 733 3779 des
757 3683 1004 3780 Wintersem.¹
1029 3718 1178 3800 ruttulo

441 3856 700 3942 (gnomologium
725 3856 1000 3940 vindobonense).

238 4000 360 4076 Quodsi
384 4022 422 4062 ex
446 4003 537 4062 tanta
560 4005 715 4083 quantam
740 3999 1019 4064 eVindobonensi
1045 4001 1155 4065 codice
1178 4019 1272 4085 propo

148 4108 268 4170 suimus
293 4110 537 4189 praeceptorum
561 4106 769 4170 multitudine
794 4128 893 4170 unum
917 4106 1019 4188 vobio,
1044 4108 1272 4180 commilitones

146 4213 435 4276 commendandum
464 4213 507 4276 sit
529 4218 657 4296 praeter
680 4217 787 4277 cetera
810 4234 877 4275 non
901 4213 1085 4277 invenimus
1110 4215 1194 4298 quod
1215 4208 1272 4276 huic·

148 4319 217 4382 loco
247 4321 354 4400 aptius
384 4320 439 4383 illo
469 4320 510 4382 sit
534 4321 700 4403 praeclaro
725 4320 949 4402 pronuntiato:
988 4320 1018 4383 ol
1043 4322 1271 4398 πεπαιδευμένοι

147 4426 241 4489 τόεον
271 4429 455 4506 διαφέρουει
486 4431 551 4491 τῶν
580 4428 782 4490 ἀπαιδεύτων
810 4425 888 4491 dccv
915 4427 989 4490 θεὸ(
1019 4432 1087 4492 τῶν
1112 4428 1272 4507 ἀνθρώπων
