2836 5034
144 326 209 390 346
432 340 691 390 eaoaaeonnur
714 341 761 388 na
783 339 995 389 narromavs

145 489 274 569 reperta
295 504 402 549 ansus
420 484 556 549 meliores
576 483 656 564 facit
678 506 707 549 u.
732 483 806 564 707,
834 482 885 547 uel
908 482 1130 549 nominativos
1147 485 1255 568 plerique

145 593 246 658 arlais
269 592 321 674 29,
344 592 445 655 emam
467 591 608 656 malalee
631 587 750 675 212.*)
767 626 806 636 —
831 589 1003 656 Postremo
1027 590 1172 676 quoniam
1191 614 1257 675 pne·

147 699 240 764 video
260 698 329 763 fore
347 698 403 782 qui
422 697 461 762 de
479 699 502 763 d
519 699 575 763 illo
591 696 831 782 ‘paragogieo',
854 697 890 762 in
907 697 995 781 quod
1018 697 1163 763 infestius
1181 721 1262 783 nuper

148 803 354 869 Hermannus
378 804 542 870 consuluit
564 805 665 889 praef.
688 805 724 869 in
748 803 865 869 Bacch.
888 827 921 888 p.
944 803 1009 870 VH
1031 805 1067 870 in
1089 805 1207 891 ipsaque
1223 808 1264 870 la·

148 912 243 976 bulae
266 911 361 975 huius
385 912 558 991 διορθώιει,
582 911 735 976 iudicium
755 933 861 976 meum
881 912 1103 977 sciscitentur:
1124 912 1181 978 etsi
1197 913 1266 977 lanc

82 1045 135 1086 xer
149 1040 217 1082 rem
241 1017 397 1103 quasdam
422 1017 541 1082 habere
564 1017 730 1082 cautiones
754 1022 842 1101 puto,
861 1039 942 1104 quas
965 1017 1048 1082 alibi
1070 1019 1209 1104 aperiam,
1224 1023 1265 1083 ta·

148 1149 221 1191 men
253 1126 433 1211 generatim
464 1124 590 1189 deliniri
620 1124 682 1190 hoc
712 1128 822 1210 potest
851 1129 888 1190 ut
917 1125 1265 1210 exploratissimun,in

147 1231 334 1298 Plautinam
365 1235 467 1296 artem
498 1254 537 1296 ex
569 1232 775 1317 antiquitatis
804 1232 1037 1298 consuetudine
1065 1233 1136 1298 sols
1160 1234 1263 1298 medat

148 1343 206 1407 ted
232 1340 424 1425 pronomina
453 1341 608 1404 transisse
636 1340 726 1405 nullo
754 1339 893 1405 ablativi
920 1340 1161 1432 accusatiuique
1181 1338 1264 1404 discri-

148 1447 242 1531 mine,
266 1448 349 1512 alius
373 1447 462 1512 uocis
486 1447 599 1512 eodem
622 1446 819 1512 incremento
843 1450 958 1512 anetae
981 1447 1102 1513 nullius
1125 1447 1175 1511 uel
1194 1446 1265 1511 fidon

148 1554 199 1618 uel
226 1554 401 1640 uestigium
429 1576 513 1638 esse,
544 1577 585 1619 ne
613 1555 753 1639 gemella
780 1554 909 1640 quidem
936 1555 990 1620 sed
1015 1553 1124 1620 forma
1152 1546 1288 1638 excepta

150 1661 255 1737 Quam
278 1662 439 1727 rationem
463 1661 555 1726 unice
578 1681 689 1725 ueram
711 1661 892 1726 rectissime
910 1661 997 1726 idem
1017 1661 1072 1726 ille
1092 1659 1288 1727 Hermannur

148 1789 207 1852 per
220 1771 326 1833 totum
341 1768 586 1833 Elementorum
601 1767 721 1832 librum
736 1769 876 1834 tenebat.
899 1767 938 1834 In
952 1768 1145 1834 Trinummo
1160 1710 1288 1859 addeulil

147 1877 170 1940 d
191 1897 340 1940 caussam
364 1898 428 1941 non
452 1874 562 1940 inueni
585 1879 715 1958 praeter
738 1876 787 1939 ted
809 1897 837 1940 u.
857 1875 936 1940 311:
961 1897 1102 1960 quocum
1126 1876 1166 1941 ef.
1190 1880 1283 1941 annot

148 2005 177 2048 u.
201 1983 275 2049 582.
300 1982 425 2070 613.**)
473 1981 536 2048 sed
560 1981 611 2047 his
635 1983 740 2047 sentio
764 2004 816 2047 me
839 1982 904 2048 iam
928 1983 968 2048 ad
991 1984 1181 2068 proximum
1206 1986 1285 2068 capul

149 2090 289 2155 auocari.

630 2197 742 2244 orave
764 2177 821 2244 IX.

237 2321 397 2387 Peculiari
433 2323 520 2386 enim
555 2321 661 2404 capite
696 2321 801 2386 visum
830 2325 881 2386 est
908 2343 1011 2407 genus
1039 2343 1137 2387 omne
1169 2323 1288 2389 ortho·

151 2429 376 2514 graphicum
411 2428 523 2512 paucis
557 2428 737 2512 complecti.
789 2427 880 2505 Quod
912 2451 984 2493 cum
1015 2429 1110 2494 valde
1141 2431 1288 2497 lubriean

148 2539 376 2602 tractationem
402 2537 435 2600 in
460 2537 625 2620 omnibus,
653 2540 721 2600 tum
746 2537 853 2621 magis
877 2537 1035 2601 lubricam
1059 2538 1095 2600 in
1118 2541 1194 2602 tarn
1219 2540 1288 2603 anti·

148 2667 211 2727 quo
241 2645 398 2727 scriptore
427 2643 533 2707 habet.
581 2643 628 2706 Ac
657 2665 766 2707 veram
791 2641 962 2706 Plautinae
991 2645 1110 2709 aetatis
1138 2645 1288 2710 scribent

149 2749 413 2814 consuetudinem
442 2750 496 2834 qui
528 2749 751 2814 ratiocinando
775 2749 962 2834 indagatam
987 2749 1155 2816 Plautinis
1181 2774 1288 2817 comoe

149 2857 210 2920 diis
240 2879 324 2920 nune
353 2857 524 2920 obtrudere
553 2857 718 2938 instituat,
741 2856 916 2920 verendum
940 2857 983 2920 sit
1006 2880 1046 2922 ne
1071 2880 1140 2923 non
1168 2861 1288 2924 nrultnn

151 2963 301 3027 absimile
330 2963 472 3028 Homero
500 2964 668 3048 Payniano
698 2968 879 3028 monstrum
908 2964 1051 3029 editurus
1081 2966 1137 3030 sit
1188 2967 1288 3043 Quam

150 3092 246 3153 quam
276 3071 415 3134 vidimus
447 3071 502 3154 qui
527 3071 615 3134 velut
639 3071 689 3134 his
714 3076 880 3154 tamquam
904 3070 1071 3135 Musarum
1095 3073 1231 3139 deliciis
1254 3096 1288 3138 ue

147 3176 308 3260 neriisque
333 3178 584 3242 amoenitatibus
609 3178 785 3261 legentium
810 3177 912 3242 oeulis
935 3178 1183 3246 blandirentur:

307 3302 456 3366 Floorem
482 3303 676 3386 aoglaabant
699 3300 844 3365 Leiberei
869 3324 923 3365 exs
948 3303 1155 3370 earchesieis.

307 3408 400 3492 Egoo
426 3429 559 3489 pueram
584 3407 693 3470 indam
718 3407 837 3471 aneilai
862 3407 1035 3472 lactentem
1060 3413 1159 3476 meai.

310 3515 391 3578 Τιιιιι
417 3519 524 3577 sulutem
549 3514 724 3577 lasceiuonu
749 3511 885 3577 Neereei
910 3515 1044 3579 seimom
1070 3539 1182 3599 pecus.

151 3640 212 3704 Sed
241 3642 291 3704 luis
321 3641 428 3703 missis
460 3639 622 3702 Saliorum
653 3639 866 3702 eruulitatibus
896 3639 1128 3726 horridulaque
1159 3656 1288 3708 senatus

147 3749 367 3811 consultorum
402 3747 621 3809 sollemnitate
657 3746 919 3809 eoluumnarnmve
952 3748 1104 3830 robigine
1135 3750 1168 3813 id
1193 3753 1288 3836 potiar

149 3875 283 3937 agamus
308 3859 343 3916 11
348 3905 357 3936 ,
390 3853 516 3935 qualem
542 3854 708 3935 aliquanto
732 3852 825 3934 polit
816 3875 865 3917 ror
889 3857 942 3916 aet
943 3876 978 3917 as
929 3853 1100 3919 ttPlau
1086 3860 1157 3920 tum
1183 3858 1288 3941 legisse

150 3961 258 4023 videat
246 3964 312 4074 tur,
344 3960 449 4043 quoad
474 3961 541 4021 eius
566 3959 635 4020 lieri
660 3959 767 4041 possit
791 3981 1024 4042 recuperemus.
1071 3960 1189 4046 Neque
1213 3965 1288 4031 enin

232 4070 333 4168 *ltili
340 4070 589 4153 lachmannum
581 4117 610 4151 ιιι
630 4099 710 4154 Lucr.
728 4116 756 4167 p
777 4104 810 4151 56
839 4100 1081 4170 Ritsebeliumqne
1101 4101 1204 4172 Opnsc.
1227 4103 1288 4172 phu

147 4189 209 4241 lla
240 4195 298 4243 6³1

192 4189 481 4346 1*’*)Ἰἓιιιιιιιιιιιιιιιιι
502 4280 600 4345 postea
620 4278 789 4331 sententiam
804 4278 873 4332 ded
887 4277 962 4332 illo‘
967 4278 1152 4349 paragogico’
1172 4279 1288 4341 desem

147 4365 316 4419 ltitsebelius
335 4365 364 4418 in
385 4364 474 4416 ‘Neue
493 4364 682 4417 Plautinisehe
703 4365 835 4420 lixcnrse’
853 4366 864 4418 l
884 4366 958 4435 Lips.
977 4372 1046 4421 1869
1066 4370 1097 4421 et
1117 4366 1288 4439 Opuscph

146 4455 184 4509 Ill
204 4474 231 4524 p.
253 4461 303 4508 120
314 4472 372 4523 sqq.
413 4453 451 4506 Cf.
473 4472 498 4521 p.
518 4468 603 4507 cxcv.
625 4455 790 4525 occurren]
