2886 5032
462 46 698 132 pulcherrimos
731 46 855 112 fruetus
888 70 925 111 ex
961 47 1166 131 antiquitatis
1202 47 1400 110 tractatione
1441 80 1443 103 .

463 158 583 238 putem.
640 153 759 229 Quales
796 176 870 217 cum
902 154 1080 218 liberaliter
1113 152 1286 218 concedam
1323 154 1392 218 iure
1438 183 1443 210 ι

464 261 585 344 expeti,
608 261 782 325 tamenab
806 284 845 325 ea
867 261 1009 326 utilitate
1033 261 1173 345 primum
1192 283 1325 345 prorsus
1348 261 1441 325 seiun

464 367 498 430 in
521 388 616 449 quem
640 366 798 452 philologi
822 368 1052 452 incumbimus,
1080 367 1271 453 multiplicis
1295 367 1436 433 eruditio

464 477 584 554 ratnm3
608 471 721 537 deinde
745 476 879 540 eandem
903 477 1079 541 utilitatem
1102 497 1186 561 nego
1210 496 1281 539 esse
1304 475 1443 539 eiusm

464 601 498 643 se
522 578 592 643 sola
615 578 666 642 vel
690 580 769 645 satis
794 583 835 646 ab
855 583 943 646 omni
962 586 1054 667 parte
1074 582 1277 668 antiquitatis
1295 581 1412 665 potissi
1433 611 1438 638 ι

465 686 647 771 rogativam
672 685 762 752 illam
786 689 949 774 defendat,
976 690 1027 754 vel
1051 691 1141 755 nulla
1169 690 1234 754 alia
1261 711 1359 772 qnam
1390 689 1420 753 ei

465 794 630 877 tiquitatis
664 794 771 859 studia
804 797 958 878 praebere
990 797 1135 881 ingenita
1167 796 1286 860 virtute
1318 817 1442 878 possun

464 901 561 985 longe
585 902 733 986 graviore
756 903 901 968 utilitate
924 908 1102 988 superetur.
1146 902 1192 971 Ac
1216 901 1301 986 quod
1325 903 1433 986 primo

465 1008 647 1092 nifieabam,
670 1009 863 1093 quicumque
883 1011 1023 1094 sapiant,
1045 1009 1132 1074 haud
1150 1013 1282 1095 gravate
1300 1008 1443 1093 largian

466 1119 519 1178 tus
548 1115 634 1178 enim
663 1115 798 1199 quisque
827 1120 877 1181 est
905 1138 1015 1182 eorum
1043 1115 1290 1200 discipulorum,
1318 1115 1357 1178 de
1386 1115 1440 1199 qu'

465 1221 660 1306 cogitamus,
687 1223 744 1306 qui
772 1223 852 1287 adeo
882 1223 1088 1306 maturuerit,
1117 1226 1154 1287 ut
1181 1222 1249 1286 eius
1273 1225 1390 1305 eaptus
1413 1244 1443 1285 vr

465 1329 505 1395 ad
536 1330 630 1394 illum
662 1328 870 1414 antiquitatis
903 1328 971 1393 sive
1002 1351 1132 1393 sensum
1168 1329 1236 1394 sive
1268 1327 1417 1393 intellect

464 1439 607 1521 nosmet,
634 1437 689 1522 qui
723 1437 756 1500 in
778 1436 984 1522 philologieis
1008 1435 1127 1501 litteris
1150 1435 1298 1499 habitare
1327 1434 1441 1500 didicis

467 1544 653 1608 sectamur?
698 1543 822 1608 Rursus
846 1547 964 1626 autem,
988 1543 1101 1607 istisne
1123 1540 1254 1607 tandem
1278 1542 1435 1627 ambagib

465 1651 632 1716 doctrinae
660 1652 808 1715 ubertate
831 1648 937 1714 dicam
971 1671 1013 1714 an
1043 1649 1192 1713 molestia
1219 1647 1287 1713 ullo
1315 1653 1414 1732 pacto

466 1756 506 1822 ad
534 1759 603 1821 tam
632 1756 813 1840 simplicem
840 1756 937 1820 finem
966 1754 1226 1840 consequendum
1255 1752 1399 1838 videtur,
1437 1785 1443 1811 ι

465 1867 525 1947 est,
548 1868 584 1928 ut
602 1886 715 1929 sensus
738 1851 952 1928 humanitatis
977 1862 1108 1947 quidam
1131 1884 1170 1926 ex
1194 1861 1403 1946 antiquitatis
1434 1890 1443 1919 ι

465 1971 683 2056 percipiatur?
715 1971 769 2056 qui
798 1970 926 2054 quidem
956 1992 1028 2035 mea
1056 1969 1218 2035 sententia
1247 1968 1443 2034 commodis

468 2080 523 2144 riri
549 2102 587 2144 ex
610 2080 808 2163 optimorum
837 2078 962 2162 aliquot
984 2078 1179 2161 scriptorum
1203 2076 1343 2142 lectione
1366 2098 1443 2160 po·-

466 2185 551 2270 quod
580 2186 720 2250 seeundo
750 2186 822 2251 loco
850 2185 958 2270 posui,
990 2208 1056 2251 non
1084 2188 1135 2249 est
1161 2182 1294 2250 difficile
1321 2184 1363 2249 ad
1392 2184 1443 2248 de

465 2292 550 2356 dum.
597 2291 744 2377 Namque
777 2295 804 2358 si
837 2293 918 2358 nihil
951 2296 1153 2377 spectaretur
1186 2290 1289 2369 aliud,
1320 2291 1384 2354 nisi
1418 2315 1439 2355 u

467 2399 606 2482 bonique
635 2422 749 2465 sensus
776 2400 811 2464 in
838 2399 1033 2465 iuvenilibus
1061 2398 1179 2463 animis
1208 2397 1406 2462 excitaretur
1433 2426 1437 2452 =

467 2527 528 2556 nrrn
560 2504 639 2556 nihil
660 2512 745 2556 neunt.
768 2507 914 2556 nrnfontn
947 2506 1029 2556 nrrncl
1055 2507 1086 2557 in
1112 2507 1183 2556 nolu
1202 2505 1400 2556 antinnitala
1422 2505 1442 2556 ln
