2836 5034
207 1947 245 1985 111

260 297 324 362 756
757 310 914 360 ansano.

258 454 296 541 9)
321 455 448 540 Corpus
471 455 721 540 inscriptionum
739 454 971 521 Rhenanamm
994 454 1133 520 consilio
1156 459 1188 519 et
1209 458 1351 524 auctoritate

349 562 514 628 societatis
539 562 797 646 antiquariorum
822 561 998 626 Rhenanae
1023 561 1071 625 ed.
1101 560 1184 626 Guil.
1209 560 1351 630 Brambact
1403 642 1408 648 .

348 667 518 734 Praefatus
542 673 593 733 est
616 668 650 733 F.
674 668 811 733 Ritsehl.
839 668 1009 733 Elberfeld
1037 668 1131 734 1867.
1157 667 1293 733 Vorrede
1401 660 1417 743 J,

726 883 938 891 ———

815 1024 855 1089 v.

746 1163 920 1246 Zosttza

821 1327 849 1390 1.

406 1450 813 1533 Dedicationsepistel
836 1449 977 1514 andan
999 1434 1144 1515 Grafen
1168 1447 1251 1513 Orti

260 1574 308 1660 (in
332 1574 494 1658 ‘Dionysii
517 1574 818 1639 Halicarnassensis
842 1574 1045 1658 prooemium
1068 1572 1307 1658 Antiquitatum
1323 1570 1368 1635 lto

259 1703 428 1745 manarum
444 1703 461 1744 e
476 1681 641 1746 codicibus
656 1703 742 1764 mss,
758 1681 796 1746 de
812 1702 949 1765 quorum
963 1678 1072 1744 indole
1088 1683 1121 1745 et
1135 1701 1197 1744 usu
1211 1678 1374 1762 disputator,

281 1787 486 1851 emendatum
510 1788 551 1850 ab
575 1786 610 1852 F.
634 1785 685 1851 R?
709 1785 845 1852 Vratisl.
868 1808 918 1869 ap.
941 1784 980 1849 G.
1002 1784 1061 1850 Ph.
1086 1783 1247 1851 Aderholz
1273 1783 1361 1871 1838}

348 1926 613 1994 saronarcvs
627 1924 1243 2013 arusonsmvsqssnlionum
1258 1923 1380 1992 nimo

259 2035 385 2099 Nino
411 2039 416 2116 l
441 2033 591 2100 coum
625 2035 686 2100 oa
717 2032 877 2099 noans
914 2033 973 2098 ou
1006 2033 1201 2098 usuras
1226 2040 1232 2112 ι
1258 2028 1382 2100 norm

259 2140 513 2207 vaaounusr
534 2141 539 2224 ι
560 2139 697 2207 nvsar
721 2139 898 2207 eveniar
921 2138 1153 2205 LAPIDARII
1180 2136 1384 2206 unacum·

258 2247 320 2313 sis
335 2247 673 2314 cousuavnroiu
689 2247 692 2335 l
708 2246 948 2313 nraucsoai
964 2245 1250 2313 ecmannum
1264 2247 1269 2336 l
1284 2244 1385 2313 arao.

259 2355 438 2422 oaomrs
462 2353 516 2420 ss.
541 2354 749 2420 navemn
774 2354 832 2420 nr
855 2353 1018 2420 musar
1040 2353 1204 2431 uovrsr.

347 2498 564 2563 Duodecimus
594 2498 715 2562 mensis
739 2498 862 2583 agitur,
891 2520 994 2582 equo
1024 2515 1109 2581 avc,
1138 2514 1386 2565 movssmssm

259 2622 386 2687 conius,
410 2603 611 2688 blandaeque
635 2606 724 2668 urbis
749 2624 842 2669 TVAE
863 2605 1049 2669 dulcissimo
1074 2604 1220 2688 hospitio
1245 2606 1385 2688 dimissae,

260 2734 276 2775 e
305 2712 425 2775 serenis
455 2711 559 2775 hortis
582 2710 799 2794 Hesperidum
827 2713 861 2776 in
889 2712 1086 2796 caliginosas
1114 2712 1254 2778 nebulas
1278 2735 1385 2779 orarum

259 2816 505 2882 Cimmeriarum
530 2818 619 2881 redii.
662 2817 732 2893 Quo
757 2819 1013 2901 omnitempore
1038 2817 1101 2881 dici
1121 2820 1175 2883 vix
1200 2825 1386 2904 potestque

259 2926 320 2987 ties
345 2943 403 2988 rvr
428 2947 465 2988 ac
491 2926 645 2989 virtutum
665 2943 809 2989 Tvnnvm
828 2925 1118 3010 beneficiorumque
1138 2925 1277 3011 largiter
1299 2928 1331 2991 ia
1350 2947 1386 2990 ne

259 3033 449 3096 collatorum
474 3036 544 3095 tum
568 3031 652 3114 apud
677 3053 727 3093 me
752 3032 941 3095 memoriam
965 3032 1170 3115 recoluerim,
1206 3038 1277 3097 tum
1301 3055 1387 3098 corun

259 3139 370 3202 amicis
399 3161 456 3221 per·
493 3138 686 3201 cottidianas
716 3139 976 3221 opportunitates
1010 3139 1072 3201 sim
1105 3139 1284 3222 professus.
1333 3140 1390 3206 Sive

259 3245 345 3307 enim
376 3266 484 3306 veram
515 3266 574 3308 nec
606 3244 748 3308 fucatam
782 3245 1011 3309 liberalitatem
1043 3263 1139 3308 rvris
1172 3248 1304 3331 cogito,
1339 3249 1391 3310 sire

258 3374 367 3414 raram
391 3352 488 3415 etiam
512 3351 544 3414 in
569 3350 688 3415 Vestra
717 3356 817 3432 terra,
845 3352 991 3435 leporum
1020 3353 1164 3416 omnium
1191 3372 1393 3438 venetumque

260 3459 385 3540 altrice,
414 3459 572 3522 sermonis
601 3463 632 3522 et
656 3482 782 3523 morum
806 3459 1012 3541 suavitatem,
1042 3459 1109 3522 sive
1141 3461 1263 3525 artium
1288 3463 1393 3526 littere

259 3586 392 3647 rumque
425 3587 567 3628 amorem
598 3566 901 3649 flagrantissimum,
931 3566 999 3629 sive
1032 3567 1230 3631 acerrimum
1265 3568 1393 3633 studium

259 3670 298 3734 ad
323 3670 560 3735 humanitatem
590 3671 869 3735 informandorum
898 3674 1014 3736 civium
1044 3690 1204 3757 Tvoavm,
1233 3682 1394 3760 aptumque

258 3776 354 3839 rebus
378 3778 510 3840 urbanis
539 3779 757 3862 gubernandis
781 3780 960 3864 ingenium:
994 3802 1066 3844 cum
1090 3781 1196 3844 multa
1221 3805 1312 3865 sane,
1333 3784 1393 3846 dun

259 3884 342 3946 inter
370 3885 543 3967 populares
572 3902 659 3949 avos
689 3909 812 3970 moror,
850 3888 899 3950 vel
933 3887 1175 3952 benevolentiae
1212 3888 1392 3954 documenta

259 3995 408 4073 expertus
443 3991 505 4054 sim
541 3991 591 4053 vel
626 3992 726 4073 digna
762 3992 979 4056 aemulatione
1010 3994 1157 4076 exempla
1188 3997 1393 4080 cognoverim,

259 4101 367 4160 tamen
394 4096 444 4159 oui
464 4098 521 4160 uni
540 4102 683 4176 tantum,
707 4103 862 4181 quantum
884 4118 967 4182 Tml,
991 4104 1024 4163 et
1042 4099 1179 4163 debeam
1204 4104 1392 4167 attribuam

258 4203 403 4283 profecto
433 4205 500 4267 scio
528 4206 697 4269 neminem.
748 4205 928 4270 Recordare
961 4227 1080 4290 quaeso
1109 4206 1199 4271 illius
1232 4209 1313 4292 diei,
1343 4227 1390 4292 quc

258 4327 301 4370 ΤΕ
326 4311 405 4373 (luce
430 4316 463 4373 et
486 4312 660 4394 interprete
678 4311 826 4376 Muscam
846 4311 1005 4397 Scipionis
1025 4312 1134 4376 Maffei
1160 4316 1294 4380 nomine
1317 4314 1389 4379 nobi·

258 4415 400 4499 litatum,
423 4436 490 4480 svn
520 4423 627 4481 autern
648 4419 808 4483 industria
827 4420 944 4484 laetius
964 4419 997 4483 in
1017 4419 1084 4484 dics
1105 4420 1322 4506 efflorescens,
1342 4439 1389 4503 ego

1415 1413 1418 1488 l
