2886 5032
147 274 211 341 632
524 284 760 332 anrmrusonn
782 283 911 331 1111111111.

146 456 181 498 re
205 432 304 496 verba
327 430 505 511 facturum,
535 450 618 511 quae
645 449 711 492 non
739 426 837 490 mirer
859 427 888 491 si
911 425 1007 491 vobis
1030 427 1132 493 multo
1151 426 1257 510 amplius
1304 446 1307 507 5

147 536 274 603 dicendi
298 535 440 619 spatium
469 555 601 618 poscere
630 533 788 616 videatur,
816 555 914 617 quarn
942 533 1074 618 quoda
1096 555 1145 598 me
1168 530 1258 615 expleri
1304 510 1307 619 l

148 645 198 709 vel
230 664 287 727 per
320 641 424 724 ipsius
454 622 638 726 argdmenti
671 641 866 724 gravitatem
897 643 1147 724 nostrarumque
1175 638 1259 702 ririun
1305 640 1307 677 :

152 753 343 817 tenuitatem
363 748 477 833 possit,
502 747 551 811 vel
570 769 627 832 per
647 747 741 811 buius
766 746 996 811 sollemnitatis
1020 744 1260 831 opportunitatem

151 863 354 942 vestramque
387 855 579 940 patientiam
611 854 717 918 liceat.
763 854 812 918 Ac
838 854 985 940 profecto
1014 855 1069 938 qni
1102 853 1150 917 vel
1179 851 1262 916 leviter

150 964 347 1047 meminerit,
375 966 454 1046 quot
481 966 514 1025 et
542 966 663 1046 quanta
691 960 800 1025 studia
830 964 1026 1045 quantorum
1049 960 1209 1046 hominurn
1225 957 1263 1021 illa

88 1154 91 1160 Ι
154 1071 302 1156 quaestio
335 1069 537 1146 excitaverit,
570 1090 663 1151 num,
695 1089 777 1152 quae
810 1090 894 1133 nunc
926 1067 993 1132 fere
1022 1089 1039 1131 e
1066 1066 1200 1131 Graecae
1223 1062 1263 1126 llo

152 1197 330 1259 manaeque
365 1174 571 1258 antiquitatis
601 1174 785 1258 cognitione
812 1175 931 1259 pendet
959 1174 1172 1239 scholasticae
1200 1168 1263 1237 insli-

152 1283 286 1348 tutionis
314 1281 412 1360 ratio,
440 1303 479 1345 ea
507 1303 581 1345 vere
610 1281 762 1346 salutaris
791 1283 835 1346 ait
861 1281 1013 1346 habenda
1035 1285 1069 1345 et
1097 1280 1203 1365 quavis
1221 1276 1262 1341 alia

153 1389 392 1476 praestabilior,
416 1389 494 1452 item
518 1388 573 1471 qui
597 1387 818 1452 incredibilem
843 1387 1096 1472 discrepantiam
1121 1384 1264 1474 proposita·

153 1521 225 1563 rum
248 1519 286 1562 eo
311 1497 343 1560 in
368 1516 484 1580 genere
508 1495 576 1558 sive
600 1495 789 1579 opinionum
819 1495 887 1559 sive
915 1496 1150 1561 sententiarum
1172 1517 1225 1558 non
1241 1510 1265 1553 u

153 1604 248 1669 editis
275 1606 406 1667 tantum
433 1600 635 1686 privatorum
662 1601 829 1666 homiuum
853 1602 945 1667 libris
969 1608 1002 1668 et
1024 1603 1143 1667 libellis
1164 1596 1266 1673 noverit

154 1710 209 1776 sed
238 1732 276 1774 ex
305 1708 470 1772 acerrimis
494 1707 592 1772 etiam
620 1708 884 1773 contentionibus
912 1732 1039 1793 eorum,
1068 1710 1123 1794 qui
1152 1706 1266 1793 publius

157 1817 254 1882 saluti
274 1815 456 1880 civitatium
475 1816 662 1880 consulunt:
690 1816 718 1880 is
742 1838 820 1880 sane
843 1838 957 1900 parum
981 1819 1098 1901 sapiat,
1122 1818 1150 1881 si
1172 1816 1228 1879 eius
1244 1830 1266 1872 se

155 1922 202 1987 rei
223 1920 469 2005 amplitudinem
490 1921 581 1986 brevi
601 1923 747 1987 oratione
767 1927 1019 2007 exaequatnrum
1039 1928 1156 2008 speret.
1185 1919 1266 2001 Neque

155 2031 216 2096 hoc
240 2028 388 2114 equidem
412 2028 492 2091 mihi
516 2031 686 2115 proposui,
717 2031 774 2114 qui
800 2053 872 2095 cum
899 2030 937 2095 de
963 2031 1059 2096 istius
1085 2023 1267 2096 institutoris

157 2136 350 2201 salubritate
373 2136 443 2219 ipse
466 2157 656 2219 persuasum
680 2137 818 2203 babeam
842 2144 879 2203 ut
901 2139 1164 2223 quodmaxime,
1188 2142 1267 2201 umen

155 2266 220 2310 non
244 2243 305 2308 sim
329 2243 363 2307 in
387 2265 424 2307 eo
449 2242 683 2328 elaboraturus,
706 2243 796 2309 illam
822 2250 857 2309 ut
880 2249 1148 2331 argumentorum
1166 2246 1195 2310 11
1210 2254 1270 2308 nunt

156 2351 334 2435 defendam,
358 2355 391 2415 et
410 2350 528 2436 quibus
547 2350 730 2416 rationibus
749 2351 873 2415 nitatur
891 2350 1000 2416 dedita
1018 2374 1119 2436 opera
1137 2364 1270 2434 exponant

157 2457 212 2523 sed
241 2456 282 2521 ab
311 2479 349 2520 ea
377 2457 440 2520 sim
467 2455 671 2541 profecturus
699 2461 865 2542 tamquam
895 2479 1048 2522 concessa
1078 2455 1270 2536 communique

157 2587 314 2631 consensu
338 2565 485 2648 probata.
531 2563 617 2628 Nam
641 2587 714 2629 curn
742 2565 823 2629 duas
846 2570 956 2650 partes
979 2565 1034 2629 ille
1059 2566 1150 2630 locus
1172 2559 1271 2635 habeat

158 2673 213 2757 qui
236 2677 286 2736 est
310 2672 349 2735 de
373 2671 473 2735 studii
495 2671 683 2756 philologici
714 2675 747 2736 et
774 2671 986 2736 scholasticae
1009 2673 1219 2737 institutionis
1236 2685 1270 2730 ns

159 2779 360 2863 cessitudine,
384 2801 458 2843 mea
476 2779 604 2862 quidem
625 2780 728 2843 oratio
749 2779 788 2842 ad
808 2779 886 2843 illud
911 2780 1014 2863 magis
1040 2802 1138 2863 quem
1162 2779 1197 2844 ad
1214 2777 1269 2840 hane
1305 2782 1307 2797 '

159 2887 330 2970 spectabit,
353 2907 412 2950 nec
437 2885 476 2948 ad
500 2885 691 2949 discentium
714 2885 823 2969 potius
847 2886 1002 2969 quemad
1022 2885 1270 2950 docentiumusm'

158 2993 348 3077 pertinebit,
376 2993 426 3056 vel
455 2997 492 3055 ut
520 2992 619 3056 etiam
648 2992 775 3075 planius
803 2993 881 3077 quid
911 2992 991 3055 milri
1014 2993 1112 3057 velim
1137 2992 1270 3057 declaret

158 3101 192 3163 in
215 3122 252 3165 eo
273 3102 464 3182 versabitur,
488 3104 532 3181 ut,
556 3122 639 3183 quae
659 3102 701 3162 sit
720 3100 801 3163 artis
821 3099 1036 3184 philologicae
1056 3104 1089 3164 et
1109 3101 1190 3164 vitae
1206 3092 1270 3157 sclo-

158 3206 290 3272 lasticae
315 3231 387 3272 cum
411 3209 572 3272 discordia
596 3212 663 3271 turn
689 3208 868 3290 concordia,
892 3208 1036 3290 patefiat.

248 3314 590 3398 Circumspicientibus
614 3316 709 3378 nobis
735 3316 928 3379 scholastica
947 3315 1123 3399 instituti0,
1146 3310 1269 3397 siquiden]

159 3445 175 3483 e
200 3422 326 3503 potiore
355 3423 405 3485 sui
436 3427 527 3505 parte
556 3427 717 3505 censctur,
741 3426 878 3505 apparet
901 3445 998 3505 penes
1023 3445 1093 3506 eos,
1122 3424 1173 3507 qui
1196 3415 1270 3504 pbilo-

159 3527 283 3612 logiam
303 3531 503 3610 profitentur.
540 3529 622 3591 Item
646 3551 714 3609 nos,
738 3552 754 3592 e
776 3552 911 3612 quorum
932 3530 1105 3612 disciplina
1123 3522 1271 3595 academica

159 3634 342 3699 scholarum
367 3636 515 3698 doctores
536 3636 690 3698 maiorem
711 3639 835 3718 partem
856 3636 1026 3719 prodeunt,
1049 3637 1142 3700 nulla
1160 3638 1212 3699 lios
1227 3623 1271 3692 alic

160 3741 284 3807 ratione
308 3742 347 3807 ad
372 3742 578 3806 erudiendam
603 3743 853 3807 adulescentiam
878 3743 1106 3828 informamus,
1134 3744 1191 3808 nisi
1211 3723 1271 3821 qutsl

159 3850 344 3935 philologos
365 3849 558 3935 effingimus.
596 3849 744 3915 Studium
769 3855 878 3914 autom
901 3851 1100 3936 philologiae
1124 3874 1191 3916 cunr
1209 3836 1271 3911 nullo

160 3960 306 4041 tempore
337 3981 402 4022 non
434 3957 714 4040 comprehenderit
745 3959 907 4040 permulta
939 3959 980 4022 ab
1015 3981 1074 4022 usu
1109 3947 1271 4022 scholastico

160 4065 280 4147 aliena,
314 4069 383 4128 tum
417 4065 450 4127 in
484 4064 640 4128 hodierna
673 4065 852 4128 litterarum
884 4066 953 4128 luce
984 4070 1078 4131 tanta
1108 4052 1271 4130 instemus

161 4172 255 4254 cepit,
279 4176 316 4235 ut
340 4172 572 4254 propemodum
596 4194 682 4236 nova
701 4172 871 4255 disciplina
891 4172 1062 4235 exstiterit.
1099 4168 1271 4234 intellectusss

162 4281 211 4340 est
233 4279 338 4360 hodie,
362 4300 443 4361 quac
467 4278 544 4341 olim
569 4279 595 4341 si
619 4301 685 4343 non
709 4282 896 4361 contempta
915 4279 1095 4361 iacuerunt,
1118 4283 1197 4342 certe
1213 4277 1270 4334 taffl·

162 4405 258 4465 quam
289 4385 480 4448 secundaria
509 4390 542 4448 et
566 4385 701 4450 fortuita
724 4387 812 4449 velut
836 4385 1022 4469 appendicis
1048 4386 1118 4450 loco
1141 4380 1272 4448 babebtfl·
