2886 5032
158 307 224 371 674
535 318 771 367 asrnrnrscrm
794 319 923 369 sanan.

158 466 226 530 sius
250 464 409 547 estquod
433 463 532 527 etiam
555 463 759 541 voluntatem
787 461 999 546 languescere
1023 463 1130 528 fusus
1151 486 1224 546 sum,
1245 460 1266 525 il

158 572 243 656 qnod
267 571 401 635 minime
422 570 458 634 in
482 569 635 654 segniora
652 572 780 632 tantum
801 572 834 632 et
852 569 1025 652 ignaviora
1044 570 1171 655 ingenia
1186 569 1266 634 cadere

159 677 328 761 contendo,
351 677 406 741 sed
431 676 539 760 aliqua
563 698 602 739 ex
625 678 728 758 parte,
752 678 789 739 nt
810 697 921 741 sumus
944 674 1109 759 homines,
1129 677 1163 741 in
1182 675 1267 755 omnia,

158 783 258 847 etiam
288 804 399 847 eorum
429 782 500 866 qui,
535 804 598 865 quo
626 785 773 864 ternpore
801 781 835 846 in
858 781 1027 846 iuventute
1050 782 1112 867 ipsi
1135 779 1268 848 constituti

157 885 265 972 fuere,'
278 889 505 955 incitatissimo
531 888 638 954 studio
659 892 692 952 et
711 888 836 953 fervore
855 887 1111 972 flagrantissimo
1130 890 1268 955 informen
1301 878 1303 883 ’

158 995 272 1061 dorum
300 995 556 1061 adulescentium
584 1016 701 1078 operae
732 1015 803 1058 sese
826 993 1027 1060 dediderunt
1071 995 1163 1061 Licet
1181 996 1209 1059 in
1227 993 1267 1058 boc

158 1102 268 1167 dolere
296 1101 439 1167 indolem
466 1102 628 1166 humanae
660 1106 813 1184 naturae,
845 1123 912 1166 non
942 1101 1021 1166 lieet
1051 1102 1187 1186 culpare.
1222 1098 1267 1163 Ne

157 1208 205 1272 vis
224 1211 352 1271 tantum
372 1208 626 1291 consuetudinis,
649 1208 807 1273 novitatis
826 1207 967 1292 gratiam
987 1230 1148 1274 annorum
1166 1208 1266 1272 decursu

158 1314 302 1378 eruentis
326 1318 360 1378 et
382 1315 666 1381 incitamentorum
690 1314 854 1380 illecebris
882 1314 1037 1397 carentis,
1069 1315 1137 1379 sive
1160 1316 1217 1378 vim
1239 1312 1268 1376 iu·

158 1422 258 1485 ertias
290 1420 396 1486 dicere
428 1422 595 1486 tralaticio
628 1422 761 1486 nomine
793 1421 909 1505 males,
941 1419 1021 1485 illud
1050 1422 1151 1487 efficit
1176 1424 1209 1485 ut
1226 1417 1269 1484 leni

156 1547 331 1611 progressu
349 1527 517 1592 fastidium
538 1527 700 1612 quoddam
718 1526 853 1593 docendi
874 1527 1100 1611 subnaseatur,
1117 1528 1171 1593 sed
1187 1527 1269 1592 eodan

158 1632 245 1697 aliud
269 1632 462 1699 desiderium
487 1634 576 1700 valet
599 1639 633 1699 et
655 1634 687 1699 id
712 1633 840 1719 quidem
864 1633 1115 1700 nobilissimum.
1152 1633 1218 1700 Non
1236 1632 1269 1696 de

157 1760 299 1803 erescere
328 1740 430 1823 enim,
462 1741 518 1805 sed
546 1761 688 1805 erescere
716 1739 785 1823 ipse
813 1740 848 1803 in
877 1740 972 1805 nobis
1000 1740 1182 1807 litterarum
1205 1758 1270 1805 anor

158 1845 250 1929 solet,
273 1867 416 1911 crescere
440 1848 475 1911 in
498 1846 567 1912 dies
590 1847 641 1910 vel
665 1849 750 1912 certe
772 1847 806 1911 in
830 1847 978 1933 singulos
997 1869 1102 1913 annos
1120 1849 1268 1914 litterarum

157 1958 270 2018 nostra
297 1955 442 2038 ipsorum
471 1954 631 2021 industria
658 1954 891 2040 augendarum,
919 1977 978 2020 nee
1007 1978 1063 2021 oro
1085 1959 1207 2021 tantum
1225 1958 1269 2017 tn·

156 2061 346 2144 dandarum,
375 2062 430 2126 sed
455 2061 583 2145 seriptis
607 2060 912 2145 promovendorum,
933 2061 1108 2147 laudisque
1132 2084 1170 2126 ex
1190 2082 1222 2124 ee
1238 2059 1268 2122 iu

157 2167 283 2232 dustria
311 2169 512 2252 quaerendae
539 2173 574 2233 et
599 2167 739 2232 nominis
768 2169 942 2234 memoriae
970 2167 1206 2235 conservandae
1223 2182 1266 2230 nor

156 2274 301 2357 profecto
324 2276 480 2360 ignobilis
505 2275 673 2360 cupiditas.
706 2274 767 2339 His
787 2279 896 2340 autem
916 2277 1002 2341 votis
1021 2282 1056 2341 et
1074 2275 1211 2341 consiliis
1228 2288 1267 2335 suo

156 2403 315 2465 quemque
338 2382 485 2466 exemplo
508 2385 675 2466 expertum
699 2402 770 2445 esse
793 2381 902 2464 paullo
930 2383 1169 2466 provectiorem
1190 2379 1267 2445 aaa

155 2489 301 2571 suspicor
328 2510 425 2571 quam
454 2490 664 2554 adversentur
691 2488 760 2552 eius
785 2487 980 2553 condicionis
1003 2490 1150 2555 rationes
1172 2487 1266 2553 univer

155 2617 223 2677 sae,
255 2595 289 2659 in
323 2618 386 2679 qua
417 2595 636 2679 professorum
669 2598 703 2659 et
731 2615 843 2658 eorum
873 2594 1003 2679 quidem
1032 2617 1100 2661 non
1130 2619 1151 2660 a
1177 2587 1266 2659 schot

76 2770 84 2781 ¹
155 2702 354 2785 vacantium,
383 2703 439 2767 sed
467 2724 579 2785 reapse
608 2701 791 2765 docentium
820 2701 992 2766 multitudo
1021 2704 1198 2768 constituta
1216 2714 1263 2762 csse

155 2809 246 2872 solet.
294 2808 355 2884 Qui
384 2832 446 2893 quo
475 2810 547 2893 plus
576 2808 674 2872 studii
704 2811 737 2872 et
760 2830 876 2891 operae
899 2808 933 2872 in
957 2809 1167 2875 informanda
1187 2810 1263 2872 iuven·

154 2920 223 2980 tuto
247 2921 453 2998 consumunt,
481 2918 573 2979 tanto
598 2915 704 2978 minus
727 2915 790 2979 sibi
815 2919 848 2979 et
870 2915 987 2979 virium
1012 2922 1045 2980 et
1068 2918 1128 2981 otii
1152 2916 1262 2981 relictura

155 3023 275 3104 dolent,
300 3046 363 3106 quo
387 3025 467 3107 ipsis
492 3023 611 3087 litteris
636 3023 771 3106 prosint.
804 3022 874 3098 Quo
894 3024 932 3086 iit
950 3028 987 3086 ut
1006 3029 1073 3106 aut,
1098 3025 1152 3108 qui
1170 3034 1261 3087 sumno

154 3131 351 3194 audientium
377 3117 665 3213 plansudoctores
689 3130 923 3213 suspiciuntur,
947 3152 1045 3213 saepe
1069 3132 1158 3195 nullo
1180 3131 1208 3195 in
1225 3144 1261 3189 uu·

154 3258 241 3299 mero
271 3235 321 3299 vel
350 3258 463 3318 parum
492 3237 650 3301 librorum
678 3237 802 3300 feraces
826 3237 1001 3319 scriptores
1026 3238 1107 3302 sint:
1140 3241 1203 3316 aut,
1227 3224 1261 3312 qul

154 3343 186 3407 iu
214 3343 276 3406 hoc
305 3363 422 3426 genere
450 3344 531 3407 bene
560 3344 599 3407 de
622 3342 789 3426 republica
812 3343 973 3407 litteraria
997 3349 1159 3426 mereant,
1187 3337 1260 3405 desint

152 3450 271 3514 scholis
295 3454 328 3513 et
351 3449 529 3513 auditoriis.
562 3449 607 3513 Et
629 3453 739 3513 tamen
763 3454 936 3533 utrumque
959 3470 1064 3533 genus
1089 3452 1158 3535 pari
1180 3439 1259 3513 eluti·

153 3557 246 3619 litate
266 3560 298 3620 et
311 3556 503 3620 necessitate
519 3556 641 3621 censeri
658 3555 692 3619 in
710 3556 858 3620 confesso
877 3577 948 3619 esse
967 3561 1134 3640 putamus,
1157 3554 1257 3642 pariqsse

150 3664 218 3727 iure
242 3664 367 3727 litteras
391 3666 427 3726 nt
450 3663 512 3727 sibi
536 3664 675 3727 satisfiat
698 3684 795 3746 quam
819 3662 963 3727 scholam
988 3663 1147 3748 flagitare.

239 3770 293 3852 Ab,
321 3770 415 3834 audio
444 3771 544 3853 enim,
577 3770 654 3834 illud
683 3770 790 3854 ipsum
817 3769 1070 3853 haudquaquam
1093 3767 1256 3879 proposituffi

149 3879 199 3939 est
222 3876 487 3940 universitatibus
514 3899 687 3960 earumque
710 3876 899 3942 doctoribus
923 3878 1091 3961 tamquam
1115 3878 1185 3941 finis
1200 3866 1255 3958 pra

149 3983 278 4067 cipalis,
303 3987 339 4046 ut
325 3984 417 4047 tlitt
387 3987 544 4047 tterarnm
568 3985 680 4048 florem
705 3989 860 4067 augeant.
893 4004 989 4068 posse
1012 3983 1075 4049 hoc
1097 4006 1162 4050 non
1183 3973 1303 4057 inepll

148 4090 297 4153 accedere
321 4093 358 4152 ut
381 4091 604 4154 secundarium
628 4095 662 4154 et
685 4090 912 4176 adventicium,
936 4091 992 4155 sed
1011 4090 1195 4174 primarium
1210 4074 1300 4148 offi·

147 4197 232 4259 cium
261 4218 345 4277 csse,
375 4218 565 4261 conservare
594 4198 658 4261 iam
688 4198 803 4261 effecta
831 4198 870 4261 lit
856 4203 1014 4262 iteratum
1038 4182 1251 4261 incrementat

147 4302 211 4365 iam
236 4302 422 4385 praesentia
445 4302 577 4367 inventa
601 4325 789 4387 propagare.
813 4302 878 4367 Vbi
902 4304 1004 4387 igitur
1027 4304 1089 4387 ipsi
1112 4304 1188 4365 fiunt
1204 4309 1250 4379 prb

147 4410 303 4491 gressus?
328 4409 451 4483 Quibus
471 4408 601 4472 tandem
621 4410 780 4473 (labentur
799 4410 932 4475 inventa
950 4412 1008 4474 illa
1026 4414 1059 4474 et
1071 4388 1251 4473 incrementa?
