2836 5034
545 347 588 393 zu
613 346 814 395 rsonnnrns.
1188 326 1253 392 569

114 483 146 548 in
176 487 409 569 perscrutanda
438 489 565 554 articuli
595 489 772 574 positione,
808 490 839 554 vi
869 493 902 554 et
932 512 992 554 usn
1021 493 1090 553 tum
1121 511 1253 553 casuum

114 610 180 655 :nm
203 593 386 679 modorum,
415 597 692 681 praepositionum
716 596 1011 680 particularumque
1034 599 1197 682 potestate
1221 599 1255 659 et

114 718 192 780 {uae
214 704 291 766 sunt
314 703 456 787 reliquae
478 703 649 769 struendae
673 703 829 769 orationis
853 708 976 788 partes,
1001 707 1034 767 et
1057 709 1197 768 mentem
1221 706 1254 767 et

114 808 300 873 memoriam
328 814 507 876 exerceant.
553 810 674 876 Verum
703 810 884 895 parcissimi
914 809 1034 875 fuimus
1056 811 1090 874 in
1113 809 1154 875 iis
1178 811 1253 874 affe·

114 914 225 998 endis,
249 938 389 1001 quorum
413 917 480 983 fere
502 918 655 984 subtilior
679 919 864 984 aestimatio
888 923 939 982 est
961 921 995 982 et
1017 916 1252 1001 discipulorum

114 1028 239 1105 mptum
268 1045 438 1109 superaus,
464 1031 502 1090 nt
529 1027 557 1090 si
585 1049 668 1110 quae
695 1024 912 1110 adloquendi
937 1047 1029 1090 usum
1054 1024 1254 1109 pertinerent

114 1129 345 1216 'arborumque
364 1132 612 1216 significationis
633 1133 833 1197 discrimina:
856 1131 1030 1216 dequibus
1050 1136 1178 1198 tautum
1200 1129 1252 1194 ad·
1267 1146 1326 1204 v,111

114 1236 253 1322 ecimus,
276 1243 443 1323 qnantum,
471 1243 507 1303 ut
529 1238 679 1304 stimulus
703 1239 903 1304 discentibus
926 1236 1107 1321 adderetur,
1130 1237 1252 1303 videre-

114 1358 160 1411 Ιῐ
180 1344 265 1410 satis
290 1366 372 1410 esse.
392 1382 432 1391 -—
456 1343 606 1411 Ceterum
629 1346 763 1411 minime
787 1345 964 1411 cavendam
987 1345 1138 1410 duximus
1158 1345 1252 1409 nnius

114 1444 314 1537 fredamque
347 1452 570 1518 annotationis
603 1452 824 1535 iterationem,
856 1474 954 1537 quam
985 1451 1136 1517 consulto
1170 1450 1251 1516 adeo

114 1556 306 1642 admisimus,
329 1564 400 1625 tum
423 1558 509 1644 quod
528 1564 650 1625 certam
669 1560 702 1624 in
722 1560 919 1625 scholastica
938 1559 1145 1624 institutione
1166 1558 1252 1623 utili-

114 1666 209 1729 ·tem
234 1664 409 1731 earundem
432 1687 539 1730 rerum
562 1666 612 1730 vel
637 1667 750 1732 crebra
772 1666 924 1752 repetitio
949 1664 1150 1748 habet,tun1
1173 1686 1250 1749 quo-

114 1770 197 1837 riam
219 1795 296 1839 raro
320 1778 379 1838 aut
399 1795 577 1858 numquam
600 1775 641 1839 ab
666 1773 781 1838 iisdem
805 1773 971 1859 discipulis
995 1771 1159 1836 Anabasis
1182 1793 1253 1856 per·

114 1884 269 1945 natatur
291 1880 429 1966 integra,
452 1881 509 1946 sed
533 1903 553 1947 a
576 1881 714 1967 singulis
738 1881 885 1966 singulae
909 1882 975 1946 sere
999 1886 1117 1965 partes.

191 1985 369 2051 Praeterea
388 1991 421 2051 et
438 2010 522 2053 nova
541 1988 793 2072 conscripsimus
812 1989 954 2072 capitum
974 1986 1160 2070 summaria,
1183 2008 1251 2051 ver·

122 2090 132 2109 '
178 2098 215 2158 et
244 2094 418 2159 sententiis
446 2095 558 2180 paullo
582 2092 844 2160 Schneiderianis
868 2095 997 2179 aptiora
1020 2117 1057 2159 ee
1080 2094 1253 2179 pressiora,

160 2221 245 2264 vero
279 2198 404 2265 Graeca
435 2202 604 2286 scriptoris
638 2201 738 2267 verba
768 2200 912 2267 studiose
942 2200 1181 2267 elaboravimus
1213 2203 1252 2264 ut

220 2311 363 2391 possent
387 2308 651 2374 emendatissima
674 2309 853 2374 ederentur.
898 2309 969 2386 Quo
992 2308 1027 2373 in
1050 2327 1165 2393 genere
1188 2307 1251 2372 etsi

181 2418 256 2479 atro
287 2436 347 2478 nec
375 2414 459 2480 alius
483 2413 672 2501 cuiusquam
696 2415 812 2480 iudicio
836 2416 1047 2502 pependimus
1069 2436 1251 2498 usquequa·

189 2525 308 2586 tamen
332 2522 520 2606 plerumque
544 2522 764 2588 intelleximus
785 2523 980 2608 sequendam
1004 2544 1073 2587 esse
1094 2520 1249 2587 Ludovici

132 2624 141 2641 ‘
161 2627 259 2692 dorfii
282 2629 515 2694 recensionem:
538 2631 588 2694 cni
609 2630 681 2714 plus
701 2631 796 2695 debet
815 2631 975 2694 Anabasis
995 2629 1250 2714 Xenophonteae

165 2736 289 2800 udatio
314 2759 412 2819 quam
436 2738 600 2821 prioribus
624 2737 803 2802 editoribus
832 2739 964 2802 cunctis.
1003 2736 1094 2812 Quod
1119 2736 1247 2820 quudem

178 2846 235 2906 est
261 2841 361 2905 huius
385 2843 448 2906 loci
472 2844 602 2908 uberius
626 2845 782 2929 persequi.

178 2948 356 3033 Scriptum
380 2949 472 3014 Halis
497 2950 660 3015 Saxonum
685 2975 726 3017 m.
750 2951 838 3016 Maio
862 2976 889 3016 u.
914 2969 1194 3017 clarlocccxxxln.

659 3347 688 3408 2.

505 3487 557 3550 Zn
586 3486 851 3571 lsokratcs.*)

176 3607 219 3672 In
256 3607 318 3672 der
347 3607 437 3673 ltede
472 3611 511 3675 de
541 3633 620 3695 pace
650 3618 670 3692 tt
695 3614 714 3676 8
746 3611 825 3675 wird
856 3611 929 3675 lrciu
962 3609 1303 3704 lrrterpirctatiirrrs·urio

114 3715 293 3796 nnstetitclc
317 3714 369 3779 die
394 3717 625 3781 ilberliefertcn
641 3717 755 3782 Worte
779 3719 811 3781 in
827 3694 1169 3796 Uebcrcinslinrmnng
1190 3715 1249 3777 mit

114 3820 371 3887 mmmatischer
390 3821 494 3908 Logilr
520 3824 668 3909 bringen:
693 3828 751 3903 χρὴ
772 3826 807 3887 δὲ
826 3827 901 3888 τοὺ(
921 3828 1001 3887 νοῦν
1020 3824 1156 3899 ἔχοντα(
1177 3823 1249 3898 περὶ
1374 3811 1378 3820 ’

114 3930 147 3992 ἐν
174 3926 227 3992 ὧν
257 3928 340 3993 icon
368 3932 409 4009 μὴ
435 3932 640 4009 βουλεύεεθαι
664 3931 849 4011 (περίεργον
872 3931 961 4009 γάρ),
991 3928 1075 3992 ἀλλὰ
1099 3928 1250 4006 πράττειν

114 4036 338 4113 (ἐγνώκαει,
363 4038 437 4114 περὶ
460 4034 508 4100 ὧν
531 4036 560 4099 δ’
583 4037 623 4100 ἂν
648 4037 877 4116 βουλεύωνται,
902 4039 941 4114 μή
967 4035 1106 4111 νομίζειν
1131 4036 1250 4099 εἰδέναι

114 4142 127 4207 l
151 4141 410 4221 (υμβηεόμενον,
434 4141 506 4206 ἀλλ’
529 4144 573 4207 ὼ(
598 4144 674 4225 δόξῃ
698 4145 755 4219 μὲν
780 4144 977 4220 χρωμένους,
1002 4141 1064 4219 ὅ,τι
1088 4142 1133 4204 ἂν
1156 4141 1248 4221 τύχῃ

114 4248 126 4314 ἑ
158 4247 448 4328 γενηεόμενον,
479 4250 566 4313 οὕτω
599 4254 791 4314 διανοεῑεθαι
824 4251 896 4327 περὶ
927 4250 1043 4313 αὐτῶν.
1096 4247 1250 4311 Offenbar

177 4464 206 4529 ⁸)
228 4458 346 4530 [anem.
364 4458 495 4514 Murcum
513 4459 559 4515 idr
576 4459 678 4515 Philet
698 4459 748 4513 Bd.
768 4458 857 4514 Xlllll
877 4462 972 4527 (1868)
991 4478 1016 4530 p.
1039 4459 1132 4528 findi]
