2836 5034
394 130 661 178 nussnarronrs
686 128 891 175 curvamen
1154 110 1219 173 523

10 294 21 305 ·
98 268 234 340 inutiliter
261 296 320 340 nec
349 273 522 338 iniucunda
551 274 671 358 poterit
697 295 756 356 per
784 271 912 357 singula
943 271 1093 356 persequi
1123 273 1220 355 atque

95 382 267 464 expendere,
289 404 351 447 nos
374 385 484 446 tamen
508 404 547 446 ea
571 404 670 465 opera
693 404 713 445 a
735 380 831 445 uobis
855 402 940 445 nunc
964 382 1090 443 semota
1117 379 1219 443 satius

90 479 223 555 duximus
245 512 424 573 paucorum
447 510 597 554 versuum
628 487 855 552 notabiliorem
881 487 1075 571 scripturam
1099 485 1132 549 in
1155 486 1220 551 edi·

87 587 168 660 tione
191 601 350 681 receptam
379 596 521 662 breviter
549 595 728 660 defenderer
773 595 818 659 Et
846 616 972 660 versum
1002 593 1131 679 quidem
1155 596 1220 659 242

84 694 286 768 Ambrosiani
310 703 431 770 anxilio
455 703 567 769 videor
590 702 769 767 certissime
793 702 839 767 sie
863 702 1059 767 restituisse:

164 843 247 910 Nam
272 846 326 930 qui
350 851 453 931 amat,
480 846 565 932 quod
590 850 691 924 amat,
720 867 817 930 quom
842 844 1003 929 extemplo
1028 843 1096 908 eius
1120 843 1220 909 sauiis

726 1036 728 1040 Α
801 952 967 1037 perculsus
991 957 1051 1017 est.

50 1086 205 1163 ..tanim
230 1117 269 1177 ex
290 1117 341 1177 eo,
365 1095 450 1180 quod
474 1097 696 1181 pereleganter
720 1096 837 1160 dicitur
859 1099 986 1159 amator
1008 1098 1079 1161 seui
1100 1098 1221 1179 serpiltis

67 1198 72 1205 “
82 1203 238 1281 paeleum,
256 1224 321 1267 non
341 1204 548 1287 consequitur
567 1204 711 1288 profecto
731 1225 797 1267 non
818 1203 962 1287 potuisse
982 1203 1089 1269 minus
1108 1207 1220 1267 ornate

81 1311 171 1375 Μ’ἱε
187 1308 367 1392 peanum
390 1309 462 1374 dici.
499 1309 613 1395 Itaque
633 1331 706 1373 curn
726 1331 798 1373 eum
818 1314 968 1373 ornatum
984 1309 1220 1374 Ambrosianus

72 1428 137 1495 ¹ton
167 1419 341 1501 agnoscat,
372 1415 425 1480 his
452 1421 588 1501 apparet
616 1415 827 1481 declarandae
855 1415 1009 1501 imaginis
1037 1438 1151 1481 caussa
1178 1416 1221 1481 ab

10 1536 16 1547 ·
281 1523 456 1607 ascriptum
488 1545 558 1588 esse
587 1525 721 1607 stupidis:
759 1523 845 1608 quod
866 1546 948 1587 cum
979 1544 1039 1607 pro
1069 1521 1220 1587 Plautino

128 1630 283 1714 peretur,
307 1633 343 1695 nt
367 1652 440 1694 curn
462 1631 562 1696 sinesiis
585 1631 791 1696 coniimctam
811 1629 956 1694 construi
975 1634 1096 1712 posset,
1120 1634 1220 1693 nauta·

114 1768 129 1795 ιι
169 1741 223 1801 est
252 1736 286 1801 in
313 1739 476 1821 sagittatis.
521 1738 694 1823 Reliquam
721 1741 829 1803 autem
859 1759 969 1801 versus
993 1736 1221 1802 conformatio·

98 1880 122 1902 ,ι
143 1896 153 1929 ,
179 1866 263 1929 quae
286 1844 390 1909 cidem
410 1846 627 1911 Ambrosiano
646 1845 791 1922 debetur,
814 1844 992 1907 luculenter
1012 1848 1120 1909 tuetur
1138 1841 1221 1907 Mer·

10 1950 20 1987 ³·
105 1952 196 2018 toris
221 1973 333 2017 versus
355 1951 413 2035 IV,
436 1955 467 2036 4,
490 1954 524 2017 4:

161 2075 252 2141 Nam
267 2075 325 2161 qni
334 2081 433 2160 amat,
452 2077 537 2163 quod
558 2081 646 2142 amat
666 2075 697 2140 si
713 2076 822 2160 habet,
843 2075 874 2140 id
895 2074 996 2140 habet
1009 2077 1067 2159 pro
1082 2075 1163 2141 cibo.
1179 2112 1218 2122 -
1259 2168 1263 2174 .

10 2202 32 2319 „-
86 2241 147 2305 *on
176 2218 337 2284 mediocre
368 2224 477 2285 autem
507 2220 675 2307 negotium
705 2217 1068 2303 r.261sq.cxhibent,
1096 2217 1142 2281 sic
1171 2217 1221 2282 edi
1306 2297 1309 2301 ι

15 2396 25 2429 ;
98 2359 101 2376 ·
124 2326 177 2391 'lit
207 2327 292 2409 sapit
315 2326 436 2407 saum,
463 2328 554 2411 rapat
581 2332 648 2391 taes
675 2331 828 2411 capreolos,
858 2326 949 2408 tepet
978 2326 1041 2408 epse
1066 2346 1097 2390 se
1124 2346 1145 2388 a
1166 2346 1222 2390 suo

10 2500 23 2509 .
90 2476 99 2521 5
136 2433 220 2498 ita.
257 2431 347 2508 Quae
371 2433 516 2519 intellegi
540 2455 635 2518 posse
660 2454 793 2516 prorsus
816 2452 908 2517 nego.
945 2430 1030 2496 Nam
1055 2431 1125 2513 etsi,
1148 2453 1221 2495 cum

10 2530 19 2538 ⁸
116 2578 123 2607 ,τ
163 2541 305 2619 eforrim
328 2562 418 2604 aerior
440 2539 570 2626 dicitur,
594 2562 683 2605 (rarior
706 2539 862 2623 accipitur
886 2561 961 2603 sane
986 2560 1044 2621 pro
1068 2541 1222 2619 amatorc,

122 2668 248 2731 amque
279 2648 384 2731 figura
412 2647 496 2712 idem
526 2671 617 2712 arnor
646 2647 707 2711 dici
732 2649 862 2730 poterat
890 2649 922 2709 ct
946 2654 1058 2728 papiae
1080 2650 1222 2728 aepactas

136 2776 156 2817 a
183 2775 239 2818 erro
267 2760 358 2818 sarriet
384 2760 508 2819 conlecta
533 2757 657 2838 saepsere:
687 2760 794 2819 tamen
823 2760 994 2837 postquam
1018 2753 1057 2817 ad
1081 2757 1222 2836 reprimes

70 2853 89 2927 -ζ
112 2858 186 2924 dito
216 2865 283 2924 telos
307 2862 496 2944 pronomine
522 2863 555 2925 in
586 2861 647 2926 hoc
675 2861 782 2944 ipsum
812 2861 967 2925 amatoris
998 2861 1088 2925 notio
1119 2866 1221 2924 trans·

51 2953 160 3030 '‘ica
186 2989 341 3052 suamque
369 2969 535 3052 propriam
563 2970 729 3033 notionem
758 2991 847 3033 crerier
871 2974 1048 3052 receperat,
1076 2991 1140 3033 uon
1168 2991 1222 3052 po·

12 3058 17 3062 ⁸
44 3066 144 3135 ...trit
162 3072 195 3136 in
220 3074 317 3136 tertio
341 3075 486 3140 membro
510 3075 595 3139 idern
618 3097 706 3139 nawa·
726 3097 843 3140 nomen
863 3075 902 3139 ad
923 3075 1079 3139 amatoris
1099 3074 1218 3159 signiti-
1237 3104 1334 3142 cccxv

58 3174 237 3265 {tationem
268 3179 371 3244 denuo
400 3181 521 3245 reflecti
550 3188 583 3245 et
611 3183 744 3246 alterius
768 3204 923 3266 personae
948 3182 1132 3265 pronomini
1156 3181 1221 3244 ianr

64 3280 190 3363 {iuliae
214 3309 393 3370 pronomen
418 3288 571 3352 substitui
596 3289 664 3352 sine
690 3313 816 3353 stimma
840 3289 1049 3372 intellegendi
1072 3289 1221 3351 molestia

54 3390 172 3477 :nque
195 3393 275 3457 adeo
300 3394 463 3478 cogitandi
487 3396 708 3479 perversitate.
746 3395 866 3460 Verum
892 3402 1046 3459 trisenon
1071 3402 1119 3458 est
1144 3417 1220 3458 sane

28 3488 113 3566 *Ula
139 3498 246 3581 libris,
275 3499 331 3563 sed
359 3499 587 3566 aOamerario
616 3502 745 3567 deinum
774 3504 921 3566 ellectum
950 3505 1000 3565 est
1029 3524 1045 3561 c
1075 3502 1142 3580 ires:
1172 3502 1220 3565 cui

29 3595 45 3657 ἴ
68 3604 133 3677 nbi
163 3608 187 3687 s
215 3604 325 3691 potius
358 3628 454 3690 quam
489 3613 499 3671 l
533 3609 771 3692 praeposueris,
809 3610 909 3673 videri
951 3613 1061 3691 potest
1099 3607 1137 3671 ad
1172 3612 1221 3670 sart

10 3710 229 3798 {magnam
253 3712 479 3797 pronominum
503 3716 749 3801 congruentiam
773 3717 878 3780 oratio
903 3716 1040 3779 adducta
1064 3738 1142 3778 csse.
1179 3713 1223 3776 Et

29 3818 185 3885 *stamen
213 3821 344 3886 ne·hoc
373 3821 501 3905 quidem
531 3823 769 3888 concedendurn
798 3828 856 3887 est.
909 3822 991 3887 Nam
1026 3845 1117 3886 cruror
1149 3843 1220 3884 cum

40 3966 45 3971 -
71 3925 194 3992 dicitnr
217 3949 237 3989 a
260 3949 319 3990 suo
344 3950 378 3991 se
402 3933 536 3993 cantatu
561 3932 685 4014 fugare,
715 3929 809 3992 unius
834 3930 963 3994 Amoris
988 3951 1144 4013 personae
1170 3950 1220 3989 co·-

40 4120 43 4125 .
68 4034 236 4123 gitatione
263 4034 372 4121 imago
401 4037 505 4100 omnis
534 4037 729 4102 continetur:
759 4059 840 4120 quae
869 4037 924 4101 ubi
953 4037 992 4099 ad
1022 4037 1102 4099 eilias
1131 4057 1220 4118 prac-

36 4174 42 4241 j
67 4146 164 4209 terea
186 4162 345 4224 personas
368 4143 546 4227 porrigitur
570 4148 604 4207 ut
627 4145 736 4228 aliqua
756 4145 989 4209 necessitudine
1010 4166 1080 4206 cum
1103 4142 1220 4205 Amore

29 4244 40 4373 ’ἱ
67 4249 277 4330 coniunctas,
300 4249 413 4332 putida
437 4250 473 4314 fit
498 4252 530 4313 et
553 4250 663 4334 inepta
686 4252 895 4335 comparatio
933 4256 1037 4324 ltrrarc
1057 4272 1127 4313 cunr
1152 4272 1223 4315 ariera
