2836 5034
144 299 210 364 350
433 313 696 365 5555555555
719 314 768 360 55
790 313 1001 362 mmorunvs
1055 292 1059 301 ’

146 458 383 524 dubitationem
406 460 549 543 positum
572 459 755 540 sarcapai
778 455 830 543 (ut
851 458 1048 540 stampaisse
1071 455 1152 524 Trin.
1166 457 1209 546 83)
1225 465 1253 524 et

145 571 346 648 surreptas
364 571 462 651 atque
481 565 561 630 adeo
580 563 797 651 surrupi0*)
813 587 871 648 pro
890 564 1033 646 surripui
1048 571 1255 648 sarreptana-

145 674 240 755 rapae:
263 673 397 738 fallatur
421 675 516 751 euim,
540 673 595 757 qui
618 671 751 737 illorum
776 671 987 737 insolentiam
1011 668 1049 735 eo
1072 670 1213 756 deflectat,
1227 679 1257 736 nt

145 783 299 864 corrupta
332 802 349 844 e
382 780 558 845 rarioribus
590 781 701 862 surprai
731 781 890 862 snrpnissc
920 783 1047 863 snrptns
1083 778 1189 844 formis
1214 781 1258 863 (nt

56 912 131 954 xovr
144 910 173 952 v.
200 885 300 973 1023)
330 888 524 972 suspicetur,
558 909 638 972 quas
652 910 654 914 ⁴
669 909 735 952 non
764 888 925 953 haberent
954 887 1010 972 qui
1040 885 1210 971 expedirent
1230 886 1257 950 li·

144 995 258 1060 brarii:
291 996 343 1060 oui
372 995 501 1080 quidem
529 995 700 1079 suspitioni
729 999 762 1059 et
791 993 936 1060 metrum
955 1016 1054 1079 saepe
1075 996 1218 1079 repugnat
1234 998 1258 1057 et

143 1104 290 1185 asnapio
318 1123 471 1186 praesens
502 1102 699 1167 adversatur.
746 1102 861 1186 Itaque
890 1102 953 1168 hoo
980 1102 1069 1167 haud
1095 1102 1161 1167 scio
1182 1124 1215 1166 55
1232 1123 1258 1166 ex

143 1233 253 1294 prava,
273 1209 331 1274 sed
350 1209 461 1273 eedem
481 1210 566 1274 vitae
585 1231 646 1274 usu
665 1209 804 1293 probata
823 1208 1057 1273 consuetudine
1076 1231 1153 1274 suae
1171 1208 1258 1274 aad

143 1316 279 1383 Plautus
304 1316 490 1401 susceperit,
514 1321 551 1381 ut
574 1316 639 1382 alia
662 1315 821 1403 quaedam
844 1337 911 1381 555
929 1316 1037 1380 minus
1058 1316 1258 1383 memorabilia

144 1461 186 1470 —
210 1424 344 1489 Praeter
371 1423 450 1488 haec
479 1445 501 1487 ιι
528 1423 617 1489 tenui
646 1444 704 1507 pro
727 1443 743 1488 e
765 1423 800 1487 in
822 1424 964 1506 aptandae
985 1425 1197 1505 quaemndnm
1214 1445 1259 1488 oon

143 1531 319 1596 neninmlns
341 1531 500 1612 repetundi
522 1553 551 1596 r.
566 1531 640 1596 366.
660 1531 733 1595 646.
755 1530 849 1596 1122.
871 1529 970 1594 1133:
993 1553 1015 1595 n
1038 1554 1097 1615 pro
1120 1552 1139 1596 5
1161 1532 1192 1595 in
1211 1531 1263 1596 els-

144 1644 218 1703 tnm
241 1662 269 1704 r.
288 1640 364 1722 406,
387 1639 420 1702 in
444 1638 693 1704 Acheruntem
715 1639 789 1703 494.
813 1637 888 1722 525,
912 1641 945 1703 55
966 1637 1000 1702 in
1024 1640 1187 1722 epistula
1206 1660 1265 1703 sen·

143 1766 208 1831 per,
232 1746 414 1810 certissimo
435 1750 545 1810 antem
563 1746 701 1811 consilio
720 1746 755 1809 in
772 1746 1001 1823 adulescens,
1025 1746 1117 1810 cuius
1137 1745 1277 1839 vicariam¹

143 1853 314 1918 adolescens
341 1853 481 1919 formam
505 1854 558 1918 vix
582 1876 737 1938 umquam
765 1853 841 1918 boni
869 1852 946 1918 libri
975 1853 1046 1916 sine
1073 1852 1271 1936 discrepantis

144 1964 338 2044 agnoscunt3
370 1982 393 2024 ιι
425 1983 484 2045 pro
516 1981 559 2024 aa
591 1961 625 2024 in
655 1959 814 2040 frodoni
846 1982 874 2025 v.
898 1959 977 2044 413,
1010 1958 1048 2024 ds
1078 1958 1273 2044 qualibusir

143 2064 296 2151 Parergis
320 2066 443 2131 dictum
466 2090 496 2151 p.
511 2064 649 2154 541**):
674 2066 810 2152 denique
832 2089 855 2131 ιι
876 2089 935 2151 pro
957 2087 979 2150 y
1001 2066 1036 2131 in
1059 2065 1154 2131 Suri
1176 2091 1204 2132 v.
1217 2066 1275 2133 542

144 2173 227 2257 546,
259 2174 395 2239 lllnrieo
418 2174 493 2239 852.
537 2173 583 2238 Et
604 2173 760 2239 Plautum
789 2173 917 2259 quidem
940 2196 1000 2240 neo
1023 2174 1214 2257 spooplcoma
1233 2194 1277 2241 nas

143 2281 293 2364 Lysiteles
314 2304 373 2347 nec
390 2281 583 2364 Olympionem
606 2301 665 2347 nee
683 2282 860 2366 myropolae
882 2282 1051 2366 scripsisse
1076 2282 1277 2367 locupletibus

142 2389 283 2453 testibus
308 2389 500 2454 credendum
524 2393 583 2473 est,
608 2390 663 2453 sed
687 2412 746 2474 pro
769 2411 790 2473 y
813 2392 870 2454 aut
891 2411 914 2453 a
936 2390 1168 2475 posuisse***)
1192 2390 1277 2454 auti

143 2495 237 2560 nobis
269 2498 379 2559 tamen
414 2497 447 2560 in
479 2496 541 2559 hoc
574 2500 667 2560 cante
700 2496 875 2580 agendum,
908 2496 1025 2580 quibus
1053 2496 1277 2581 incompertus

142 2624 219 2665 num
242 2603 335 2685 forte,
358 2624 494 2685 quorum
519 2604 646 2688 assequi
671 2604 852 2687 exemplum
876 2603 1053 2687 studemus,
1077 2610 1208 2670 veteres
1230 2607 1277 2669 ian

143 2710 247 2774 critici
272 2711 426 2775 usitatam
452 2733 510 2774 sua
534 2715 639 2775 aetate
664 2711 808 2775 litteram
827 2711 861 2774 in
880 2710 1034 2774 Plautum
1059 2711 1176 2776 dedita
1199 2734 1277 2797 open

142 2817 323 2901 intulerint,
348 2822 383 2880 ut
406 2841 470 2901 qua
493 2819 578 2882 hunc
602 2819 709 2901 ipsum
733 2841 867 2882 usurum
892 2817 1001 2900 fuisse,
1024 2819 1053 2881 si
1078 2818 1113 2881 in
1140 2824 1277 2904 prompta

142 2922 318 3007 habuisset,
342 2925 428 2989 haud
453 2947 529 2989 sane
553 2926 661 3008 inepte
686 2925 873 2989 ratiocinari
896 2928 1038 3008 possent.
1086 2925 1277 3011 eramquas

143 3034 176 3093 et
199 3029 296 3093 Sama
320 3053 396 3094 saue
421 3037 454 3095 et
476 3033 587 3096 illasio
611 3031 759 3096 Donatus
784 3032 817 3095 in
841 3031 986 3114 Hecyrae
1010 3029 1035 3114 Ι,
1051 3033 1119 3114 2,8
1146 3039 1277 3098 testatur

143 3142 176 3201 et
194 3136 291 3201 Suria
310 3138 483 3202 Sirracnsua
501 3140 640 3203 snerrbola
658 3138 846 3220 sicophanta
870 3136 1032 3203 Cornutus
1058 3141 1149 3223 apud
1170 3139 1277 3205 Cassio

143 3243 256 3308 dorum
277 3245 315 3309 de
336 3246 480 3329 orthogr.
495 3270 524 3330 p.
540 3248 627 3311 2286
640 3247 718 3327 [153
730 3246 794 3327 Κ.].
816 3245 923 3309 Libris
942 3249 1054 3309 tamen
1071 3248 1165 3330 quod
1184 3249 1218 3312 in
1236 3249 1277 3311 bo

143 3350 271 3433 quidem
302 3375 422 3436 genere
452 3376 518 3416 non
549 3354 685 3417 nimium
716 3354 888 3417 tribuimus
923 3354 1071 3436 quamvis
1109 3354 1240 3435 lifiteles
1261 3375 1277 3416 5

142 3461 318 3542 olimpicum
338 3464 370 3524 et
389 3461 556 3542 miropclae
576 3461 738 3544 scriptura
757 3460 796 3523 ad
816 3458 960 3542 aliquam
985 3460 1131 3542 speciem
1157 3462 1276 3545 antiqui

142 3569 220 3631 tatis
245 3567 484 3649 accedentibus
517 3590 581 3631 non
606 3567 751 3651 culpabit
773 3567 911 3647 factum,
945 3566 1000 3649 qui
1023 3567 1037 3629 i
1059 3589 1123 3649 pro
1148 3590 1170 3650 y
1194 3570 1277 3652 ipsius

143 3674 239 3737 medii
264 3676 334 3737 aevi
358 3679 426 3737 tam
451 3697 520 3739 esse
544 3675 710 3757 proprium
735 3696 832 3757 quam
855 3695 870 3736 e
893 3694 951 3756 pro
975 3693 1012 3736 ae
1035 3674 1277 3756 cogitaverit-

143 3778 266 3843 Contra
288 3803 346 3865 pro
370 3804 392 3844 ιι
415 3782 525 3845 littera
548 3803 581 3844 oe
604 3780 797 3844 servandum
827 3780 889 3843 fuit
912 3783 949 3842 ut
972 3802 989 3842 c
1013 3782 1198 3845 vetustiore
1222 3804 1277 3845 oon·

248 3993 272 4063 *)
303 3993 355 4062 [Cf.
376 3994 476 4062 (lpusc.
496 3994 564 4063 phil.
585 3993 610 4046 ll
630 4011 656 4062 p.
678 3997 729 4045 544
749 3988 856 4058 annot]

231 4082 271 4152 **)
292 4083 342 4152 [Cf.
363 4088 463 4151 llpnsc.
484 4084 551 4152 phil.
574 4084 597 4135 ll
618 4102 644 4151 p.
664 4081 737 4151 424]

212 4173 269 4242 ***)
299 4173 357 4242 [Ex
381 4172 555 4226 addendis
579 4191 604 4241 p.
630 4184 759 4224 oocxxv:
794 4168 896 4236 ‘longe
924 4167 1185 4225 luculentissimum
1213 4171 1276 4225 doen

142 4267 278 4329 mentum,
298 4279 353 4330 quo
378 4279 427 4330 pro
446 4279 464 4331 p
483 4260 615 4315 Plautum
633 4277 653 4312 ιι
673 4257 816 4326 scripsisse
836 4256 1009 4326 probaretur,
1030 4257 1140 4314 licebat
1159 4279 1176 4315 e
1196 4259 1277 4314 suan

143 4355 175 4421 ΙΙ,
194 4360 219 4419 3,
240 4358 290 4407 128
310 4357 417 4420 petere:
447 4353 494 4405 ubi
514 4351 565 4405 uisi
587 4350 798 4419 pronuntiatum
818 4365 877 4402 esse
898 4347 1074 4402 0555551555
1103 4367 1145 4404 nse
1175 4369 1210 4406 ea
1229 4349 1277 4404 On

140 4443 198 4495 salo
217 4440 367 4512 putaveris,
388 4442 464 4509 lepos
483 4442 512 4494 et
531 4457 647 4494 acumen
666 4439 759 4507 perit!
800 4437 839 4491 ef.
860 4437 961 4507 Opnse.
980 4438 1052 4507 phil.
1075 4437 1114 4493 lV
1135 4457 1163 4508 p.
1186 4439 1256 4511 145]
