2836 5034
139 272 181 336 72
452 287 533 334 vum
557 287 708 333 sansana
731 286 793 334 sus
817 285 961 334 nocnrn

596 426 689 480 Aliud.

300 517 387 582 Quem
407 517 503 571 movet
519 515 585 569 hinc
604 514 689 584 maus,
706 515 802 569 movet
819 515 885 569 hinc
903 514 952 584 pia
970 532 1038 569 cura
1055 513 1205 578 Minervae,

350 605 437 660 Marci
455 603 590 659 facundos
608 605 702 658 verset
720 605 749 657 in
768 620 815 661 ore
837 603 942 658 modos.

597 692 690 747 Aliud.

298 785 348 840 Cui
366 784 461 854 placet
479 782 603 838 Ausonio
622 782 720 837 ludens
739 781 885 837 comoedia
904 799 994 850 socco,

350 873 403 928 Hic
422 873 519 928 volvat
537 872 636 940 libros,
655 871 755 926 Plante
774 871 891 940 diserte,
910 874 982 926 tuos.

597 959 690 1016 Aliud

298 1050 384 1105 Crede
402 1049 644 1119 mihi,·incassnm
663 1049 803 1104 consumis
822 1051 963 1119 tempora,
983 1048 1008 1103 ai
1027 1065 1082 1103 non

351 1138 484 1194 Plautina
501 1137 614 1193 assiduo
633 1137 739 1207 scripta
757 1138 853 1193 labore
872 1137 951 1208 legis.

597 1224 691 1280 Aliud.

298 1319 435 1386 Tempore
453 1315 497 1370 sis
515 1315 624 1371 modico
643 1315 668 1370 si
685 1331 800 1371 noscere
818 1316 954 1386 plurima,
972 1315 1106 1371 Plautum

351 1407 393 1461 Ne
412 1421 504 1460 cesses
523 1404 615 1460 studio
635 1397 811 1461 consociaase
828 1407 887 1460 tuo.

598 1494 692 1550 Aliud.

300 1583 414 1638 Desine:
438 1583 519 1637 littus
538 1599 614 1651 aras,
634 1582 663 1635 ni
681 1580 758 1636 docti
776 1581 873 1637 fabula
891 1580 987 1636 Plauti

351 1672 473 1728 Haereat
490 1672 521 1726 in
538 1672 667 1727 manibus
685 1673 767 1727 nocte
787 1671 888 1741 dieque
907 1671 972 1726 tuis.

643 1837 776 1846 -n—

233 1947 258 1995 4.
286 1941 502 2012 Lobgedicht
519 1939 579 1995 anf
595 1940 738 1995 Plautus
755 1939 807 1994 als
826 1938 970 1994 Dichter
987 1939 1190 2009 dberhaupt.

140 2033 208 2100 (Aua
225 2030 273 2085 ‘ll
292 2030 384 2085 Plauti
405 2031 488 2100 poete
504 2029 603 2084 comici
621 2027 651 2082 in
670 2028 747 2084 omni
765 2028 854 2083 latine
868 2028 1010 2098 elegantia
1024 2029 1149 2099 parentis
1163 2045 1196 2082 ac
1210 2046 1231 2097 p]

144 2119 214 2190 cipis
234 2117 366 2174 Comedia
390 2118 494 2188 primax
523 2118 566 2172 cui
585 2118 753 2189 Amphitryo
776 2135 878 2173 nomen
896 2118 934 2174 ab
951 2120 1066 2172 anctore
1084 2118 1146 2187 ipso
1165 2116 1231 2171 indit

281 2208 334 2262 est’
356 2206 484 2277 Leipzig,
503 2205 604 2262 Melch.
625 2207 723 2262 Lotter
742 2213 819 2274 1511,
839 2207 889 2262 sul
904 2206 969 2261 dem
988 2205 1150 2276 Titelblatt)

520 2331 604 2387 Vitns
622 2331 773 2387 Vnerlerus
791 2329 898 2387 lectori.

352 2438 403 2492 Vir
422 2438 600 2493 doctissimus
618 2440 801 2509 undecunque
820 2438 947 2508 Plautus,

353 2528 468 2582 Plautus
488 2528 605 2584 deliciae
624 2527 711 2583 Attici
730 2527 843 2598 leporis,

354 2618 470 2672 Plautus
489 2618 641 2672 Romuleae
661 2617 740 2687 lepos
760 2616 907 2684 Camenae,

353 2707 408 2762 Seu
427 2707 516 2762 multo
536 2724 617 2777 mage
637 2707 712 2775 quod
731 2706 810 2761 iuvat
828 2705 968 2775 capitque,

355 2797 469 2850 Plautus
489 2799 581 2851 mente
601 2797 699 2865 potens
718 2796 832 2864 deisque
851 2795 929 2848 iuxta

355 2886 468 2940 Cunctis
487 2889 572 2954 atque
592 2884 658 2939 viris
676 2884 756 2939 bonis
776 2884 920 2948 amandus,

354 2975 464 3042 Tereus,
482 2975 656 3044 praecipuus,
675 2974 777 3043 gravis,
797 2973 942 3041 rotundus,

356 3064 460 3130 Seiana,
479 3062 606 3133 frugifer,
626 3064 749 3133 elegans,
768 3063 895 3130 disertus,

354 3151 517 3221 Splendcns,
536 3152 723 3220 blandidulus,
743 3153 935 3221 voluptuosus,

356 3241 498 3310 Comptus,
518 3240 674 3295 dulciculus
693 3241 920 3309 venustulusque,

355 3329 481 3398 Subtilis‚
501 3331 602 3395 varius,
621 3330 736 3397 facetus,
756 3329 859 3396 insons,

354 3419 509 3487 Facundus,
527 3418 633 3471 nitidus
651 3437 703 3474 nec
722 3419 885 3485 indecorus;

355 3509 471 3563 Plautus
490 3508 663 3563 Castalidum
683 3525 776 3564 comcs
796 3525 921 3563 sororum

358 3597 475 3668 Scripsit
492 3597 645 3652 versiculos
665 3597 848 3652 scaturientes

355 3685 454 3741 Multis
472 3686 627 3754 sensiculis,
646 3704 697 3741 nec
715 3687 780 3741 inde
798 3689 895 3755 turpes

355 3776 387 3828 In
406 3792 435 3829 se
455 3773 594 3829 stulticiae
613 3775 792 3844 inepciasqne

356 3865 443 3918 Nulla
461 3866 491 3918 et
508 3864 614 3919 rustica
633 3864 709 3917 dicta
728 3865 911 3931 continentes,

357 3951 411 4006 Sed
430 3951 522 4006 verbis
542 3952 631 4019 (iuvat
649 3952 713 4019 hoo)
732 3952 827 4022 probis
847 3955 977 4009 sonantes

357 4043 393 4095 Et
411 4058 478 4095 cura
496 4041 575 4111 vigili
595 4042 781 4110 repumicatos

359 4129 451 4197 Cultu,
470 4129 625 4197 munditiis,
645 4131 803 4184 venustiore

360 4220 497 4273 Contcrtu
516 4235 687 4287 numeroque
706 4219 860 4287 blandiore,

359 4307 514 4360 llliranrlam
534 4309 654 4375 speciem
674 4307 756 4360 simul
776 4307 904 4363 ferentes.

359 4398 381 4452 0
402 4396 486 4451 foelix
505 4397 612 4451 iuvenis
632 4412 769 4466 senexque
788 4396 883 4464 foelix,
