2836 5034
408 374 672 422 rnasnnriours
697 370 904 422 runvrmaa.
1163 354 1230 420 499

124 519 224 582 rvatis
247 518 384 604 dactylis
408 541 534 604 augere.
566 519 681 605 Itaque
699 542 765 584 non
785 519 889 604 magis
908 518 1060 603 consequi
1079 517 1230 601 dactylus

145 627 253 709 quinto
275 626 358 711 pede
381 627 488 710 potuit
511 626 598 690 'l'rin
622 627 702 692 338:

177 768 259 844 Quia
281 769 351 833 siue
375 770 464 834 omni
488 769 660 852 militiast,
683 770 824 835 toleraire
847 770 873 833 ei
899 771 1077 854 egestatem
1101 767 1187 852 uolo,

124 904 160 971 ibi
186 914 211 975 si
240 934 305 977 non
334 917 385 975 est
407 917 564 994 cyeemtem
586 914 615 976 ci
637 911 927 997 transponendum,
956 912 990 976 in
1013 933 1110 976 uuam
1134 909 1230 994 sylla·

124 1033 161 1080 an
183 1039 228 1081 -re
250 1020 279 1082 ei
300 1040 326 1082 e
351 1019 536 1083 coalescunt
559 1018 798 1103 pronuntiando
806 1017 828 1104 ε)
858 1040 954 1104 quam
983 1016 1174 1103 praecedere
1197 1016 1232 1080 in

124 1125 181 1187 ruo
205 1126 287 1208 pede
310 1124 428 1190 Bacch.
451 1127 514 1190 531
537 1126 644 1205 leuel:

173 1265 259 1342 Qui?
282 1268 343 1332 tibi
367 1291 432 1333 non
456 1270 526 1333 erait
549 1254 754 1335 meretricum
778 1268 916 1333 aliarum
940 1266 1080 1331 Athenis
1104 1267 1209 1351 etpia.

124 1409 144 1472 ii
170 1432 286 1473 versus
310 1433 382 1474 cum
406 1412 648 1496 quadruplicem
674 1411 962 1495 transpositionem
985 1409 1151 1474 admittat:

171 1550 239 1626 Qus
262 1575 326 1617 non
349 1555 556 1619 meretricum
580 1554 642 1618 tibi
667 1554 805 1619 aliarum
829 1556 900 1619 crat
923 1552 962 1617 A.
985 1574 1011 1618 c.

172 1656 243 1733 Qus
264 1681 328 1724 non
352 1659 491 1725 aliardm
514 1661 576 1726 tibi
599 1661 803 1725 meretricum
827 1663 897 1724 efrat
921 1660 959 1725 A.
983 1681 1009 1725 o.

173 1763 245 1840 Qus
265 1767 325 1830 tibi
348 1788 413 1831 non
438 1768 574 1832 aliarum
599 1767 805 1832 meretricum
829 1768 899 1832 erat
923 1767 961 1831 A.
984 1788 1010 1831 c.

169 1870 240 1948 Qui
262 1873 322 1936 tibi
346 1895 411 1938 uon
436 1872 642 1939 meretricum
666 1873 803 1938 aliarum
826 1875 898 1938 erut
921 1872 960 1938 A.
979 1896 1018 1938 a:

124 2018 137 2081 i
160 2016 284 2080 horum
304 2016 524 2100 exemplorum
544 2016 668 2080 nullum
688 2021 738 2081 est
756 2016 847 2080 cuius
864 2038 929 2080 non
949 2015 1070 2080 similia
1088 2038 1156 2101 cap.
1170 2016 1233 2082 XV

124 2122 329 2205 >tulerimus
353 2126 461 2186 tamen
486 2123 602 2187 ceteris
624 2123 734 2187 nescio
757 2146 798 2187 au
824 2127 857 2187 et
880 2122 1099 2207 simplicitatis
1118 2130 1152 2187 et
1171 2125 1232 2188 ele-

124 2230 218 2295 ntiae
242 2227 337 2291 laude
360 2237 511 2314 quartum
530 2233 674 2314 praestet
692 2252 765 2293 cum
786 2230 907 2295 usitato
926 2230 961 2293 in
980 2251 1114 2294 caesura
1131 2229 1233 2311 hiatu,

124 2337 250 2421 plicato
275 2341 384 2400 autem
409 2337 451 2400 ab
474 2337 569 2401 initio
592 2337 732 2421 dactylo.

169 2442 213 2507 In
238 2443 309 2525 ipso
334 2447 443 2508 autem
466 2447 584 2527 quarto
614 2444 831 2529 septenarii
855 2443 936 2528 pede
960 2447 996 2508 ut
1019 2444 1136 2529 quibus
1159 2466 1232 2509 oon-

124 2550 268 2616 :ionibus
293 2550 413 2634 dactyli
439 2574 515 2614 usus
540 2551 693 2615 astrictus
714 2551 757 2614 sit
775 2551 993 2636 intellegatur,
1017 2551 1106 2635 prius
1126 2556 1175 2615 est
1194 2552 1232 2615 de

127 2681 269 2722 esurae
295 2658 475 2721 rationibus
496 2658 607 2740 paullo
627 2659 816 2742 explicatius
835 2658 1014 2722 dicendum.
1045 2658 1125 2722 Eam
1147 2658 1231 2722 enim
1247 2677 1383 2717 ccuxxrv

124 2789 153 2829 m
186 2765 361 2847 septenarii
391 2765 571 2848 legitimam
597 2765 738 2830 habeant
761 2773 836 2850 post
860 2772 1011 2850 quartum
1036 2766 1233 2848 trochaeum,

125 2895 146 2937 u
172 2880 223 2934 est
248 2895 285 2934 eu
309 2872 438 2955 quidem
463 2895 536 2937 raro
560 2875 718 2957 neglecta,
743 2875 797 2938 aed
822 2898 886 2939 non
911 2882 960 2939 est
984 2880 1094 2939 tamen
1119 2874 1232 2957 quovis

124 2979 179 3043 ido
211 2981 369 3062 neglecta.
416 2979 541 3063 Quippe
573 2981 764 3065 principalis
795 3004 944 3045 caesurae
975 2981 1063 3044 illius
1095 2981 1231 3044 vicarias

124 3090 255 3148 etarum
287 3109 339 3148 ars
371 3087 486 3149 ascivit
516 3088 722 3152 secundariae
754 3089 848 3172 duas,
880 3111 1015 3173 quarum
1047 3088 1150 3151 altera
1182 3092 1231 3151 est

124 3198 161 3253 ist
185 3197 332 3274 quartam
358 3193 466 3271 arsim,
490 3199 565 3275 post
588 3195 733 3276 quintani
759 3198 856 3260 ursini
882 3196 996 3259 altera:

467 3353 557 3385 ὐ.υ
577 3355 700 3397 luffa)
718 3356 816 3386 ζων
834 3357 878 3387 ,ιν

460 3443 504 3473 Lu
540 3450 557 3473 α
582 3428 761 3492 ὐ.υ.ἰυ
797 3445 878 3476 utu

124 3538 267 3627 ltriusque
290 3572 305 3612 e
329 3550 519 3615 Trinummo
545 3554 692 3635 exempla
715 3555 855 3616 all'eram.
903 3552 946 3615 Et
970 3553 1079 3634 prius
1104 3552 1232 3635 quidem

124 3662 218 3731 genus,
247 3654 275 3715 in
301 3680 362 3740 quo
391 3658 581 3741 plerumque
605 3659 728 3722 accedit
748 3653 826 3741 'post
849 3658 996 3740 quintam
1021 3658 1139 3721 thesim
1164 3679 1233 3720 eae·

124 3767 185 3814 tura
207 3759 316 3847 podica,
339 3765 441 3829 habes
466 3789 494 3828 v.
518 3766 592 3830 333.
616 3767 690 3829 364.
715 3767 788 3830 370.
813 3767 886 3829 656.
912 3766 985 3827 ulf».
1012 3766 1111 3827 1023:

197 3892 279 4000 itihil
292 3907 437 3971 istorum.
461 3906 546 3983 Quid
567 3908 689 3991 igitur?
714 3907 776 3970 Per
795 3909 981 3971 admittitem
1001 3906 1113 3990 edepcil
1133 3916 1233 3990 pater.

195 4012 236 4079 ΕΟ
255 4045 315 4095 non
339 4035 452 4115 multa,
476 4036 558 4117 «puali
579 4034 699 4115 neuolt,
723 4034 885 4116 eueniunt,
909 4033 970 4095 nisi
991 4033 1085 4096 lictor
1105 4036 1233 4098 malust.

195 4116 234 4183 Τῑῑ
254 4139 346 4203 modo
370 4162 412 4204 ne
435 4163 486 4202 me
511 4140 684 4222 prdhibeas
709 4138 852 4224 accipere
878 4140 904 4202 si
929 4140 1004 4222 qnid
1029 4141 1083 4204 det
1108 4142 1197 4206 mihi.

187 4234 223 4303 Vi
245 4272 316 4326 rem
339 4265 478 4347 patriam
503 4271 536 4328 et
559 4265 696 4347 gloriam
721 4266 879 4328 maiorum
905 4264 1060 4328 foedarim
1087 4288 1201 4328 menni.

177 4325 328 4434 Aduena
351 4394 389 4434 ex
414 4369 573 4455 senuna,
599 4371 801 4454 praecunia,
826 4372 905 4434 Asu
930 4378 1026 4454 nque
1052 4353 1181 4435 nasu.

169 4441 324 4539 Quorum
345 4477 453 4542 hercle
477 4502 559 4543 unus
584 4479 744 4562 stirpuerit
769 4479 910 4543 currdnti
934 4475 1061 4542 cursori
1083 4478 1197 4541 solum.

967 4581 1021 4634 aa*
