<?xml version="1.0" encoding="UTF-8"?>
<!DOCTYPE html PUBLIC "-//W3C//DTD XHTML 1.0 Transitional//EN"
    "http://www.w3.org/TR/xhtml1/DTD/xhtml1-transitional.dtd">
<html xmlns="http://www.w3.org/1999/xhtml" xml:lang="en" lang="en">
 <head>
  <title>
</title>
<meta http-equiv="Content-Type" content="text/html;charset=utf-8" />
  <meta name='ocr-system' content='tesseract 3.04.00' />
  <meta name='ocr-capabilities' content='ocr_page ocr_carea ocr_par ocr_line ocrx_word'/>
</head>
<body>
  <div class='ocr_page' id='page_1' title='image "./fridericiritsch00ritsgoog_0402.png"; bbox 0 0 2836 5034; ppageno 0'>
   <div class='ocr_carea' id='block_1_1' title="bbox 134 340 992 408">
    <p class='ocr_par' dir='ltr' id='par_1_1' title="bbox 134 340 992 408">
     <span class='ocr_line' id='line_1_1' title="bbox 134 340 992 408; baseline -0.007 -2"><span class='ocrx_word' id='word_1_1' title='bbox 134 340 200 408; x_wconf 86' lang='lat'><strong>380</strong></span> <span class='ocrx_word' id='word_1_2' title='bbox 419 353 684 403; x_wconf 76' lang='lat' dir='ltr'><strong>rsonsoouass</strong></span> <span class='ocrx_word' id='word_1_3' title='bbox 708 352 754 401; x_wconf 83' lang='lat' dir='ltr'><strong>on</strong></span> <span class='ocrx_word' id='word_1_4' title='bbox 777 350 992 403; x_wconf 77' lang='lat' dir='ltr'><strong>uarrouravs</strong></span> 
     </span>
    </p>
   </div>
   <div class='ocr_carea' id='block_1_2' title="bbox 136 492 1222 690">
    <p class='ocr_par' dir='ltr' id='par_1_2' title="bbox 136 492 1222 690">
     <span class='ocr_line' id='line_1_2' title="bbox 136 492 1218 582; baseline -0.008 -16"><span class='ocrx_word' id='word_1_5' title='bbox 136 506 168 567; x_wconf 94' lang='lat' dir='ltr'><strong>et</strong></span> <span class='ocrx_word' id='word_1_6' title='bbox 195 499 356 566; x_wconf 88' lang='lat' dir='ltr'><strong>sententia</strong></span> <span class='ocrx_word' id='word_1_7' title='bbox 386 503 419 564; x_wconf 93' lang='lat' dir='ltr'><strong>et</strong></span> <span class='ocrx_word' id='word_1_8' title='bbox 442 520 518 564; x_wconf 90' lang='lat' dir='ltr'><strong>vero</strong></span> <span class='ocrx_word' id='word_1_9' title='bbox 541 519 693 563; x_wconf 86' lang='lat' dir='ltr'><strong>versuum</strong></span> <span class='ocrx_word' id='word_1_10' title='bbox 715 496 918 582; x_wconf 86' lang='lat' dir='ltr'><strong>computatio</strong></span> <span class='ocrx_word' id='word_1_11' title='bbox 942 493 1111 580; x_wconf 73' lang='lat' dir='ltr'><strong>deperditis</strong></span> <span class='ocrx_word' id='word_1_12' title='bbox 1127 492 1218 558; x_wconf 75' lang='lat' dir='ltr'><strong>dubro-</strong></span> 
     </span>
     <span class='ocr_line' id='line_1_3' title="bbox 136 599 1222 690; baseline -0.011 -15"><span class='ocrx_word' id='word_1_13' title='bbox 136 608 221 675; x_wconf 88' lang='lat' dir='ltr'><strong>siani</strong></span> <span class='ocrx_word' id='word_1_14' title='bbox 249 606 445 673; x_wconf 78' lang='lat' dir='ltr'><strong>membranis</strong></span> <span class='ocrx_word' id='word_1_15' title='bbox 475 605 792 690; x_wconf 87' lang='lat' dir='ltr'><strong>comprehensorum.</strong></span> <span class='ocrx_word' id='word_1_16' title='bbox 837 603 932 671; x_wconf 91' lang='lat' dir='ltr'><strong>Nihil</strong></span> <span class='ocrx_word' id='word_1_17' title='bbox 958 601 1096 670; x_wconf 88' lang='lat' dir='ltr'><strong>editores</strong></span> <span class='ocrx_word' id='word_1_18' title='bbox 1119 599 1222 665; x_wconf 83' lang='lat' dir='ltr'><strong>ridemt</strong></span> 
     </span>
    </p>
   </div>
   <div class='ocr_carea' id='block_1_3' title="bbox 135 714 440 799">
    <p class='ocr_par' dir='ltr' id='par_1_3' title="bbox 135 714 440 799">
     <span class='ocr_line' id='line_1_4' title="bbox 135 714 440 799; baseline -0.007 -18"><span class='ocrx_word' id='word_1_19' title='bbox 135 714 440 799; x_wconf 66' lang='lat' dir='ltr'><strong>mmuum</strong></span> 
     </span>
    </p>
   </div>
   <div class='ocr_carea' id='block_1_4' title="bbox 135 850 1243 1622">
    <p class='ocr_par' dir='ltr' id='par_1_4' title="bbox 135 850 1243 1622">
     <span class='ocr_line' id='line_1_5' title="bbox 225 850 1228 942; baseline -0.01 -20"><span class='ocrx_word' id='word_1_20' title='bbox 225 854 288 924; x_wconf 81' lang='lat' dir='ltr'><strong>Se‘d</strong></span> <span class='ocrx_word' id='word_1_21' title='bbox 311 859 416 924; x_wconf 89' lang='lat' dir='ltr'><strong>amics</strong></span> <span class='ocrx_word' id='word_1_22' title='bbox 438 880 511 923; x_wconf 89' lang='lat' dir='ltr'><strong>mea</strong></span> <span class='ocrx_word' id='word_1_23' title='bbox 534 863 567 924; x_wconf 95' lang='lat' dir='ltr'><strong>et</strong></span> <span class='ocrx_word' id='word_1_24' title='bbox 589 859 741 925; x_wconf 74' lang='lat' dir='ltr'><strong>triadum</strong></span> <span class='ocrx_word' id='word_1_25' title='bbox 764 858 872 942; x_wconf 90' lang='lat' dir='ltr'><strong>comit,</strong></span> <span class='ocrx_word' id='word_1_26' title='bbox 896 856 973 922; x_wconf 81' lang='lat' dir='ltr'><strong>dum</strong></span> <span class='ocrx_word' id='word_1_27' title='bbox 996 876 1031 921; x_wconf 91' lang='lat' dir='ltr'><strong>se</strong></span> <span class='ocrx_word' id='word_1_28' title='bbox 1053 856 1179 935; x_wconf 74' lang='lat' dir='ltr'><strong>exornat,</strong></span> <span class='ocrx_word' id='word_1_29' title='bbox 1192 850 1228 914; x_wconf 77' lang='lat' dir='ltr'><strong>nir</strong></span> 
     </span>
     <span class='ocr_line' id='line_1_6' title="bbox 988 961 1063 1029; baseline -0.053 0"><span class='ocrx_word' id='word_1_30' title='bbox 988 961 1063 1029; x_wconf 91' lang='lat' dir='ltr'><strong>uolo</strong></span> 
     </span>
     <span class='ocr_line' id='line_1_7' title="bbox 225 1066 1234 1156; baseline -0.008 -19"><span class='ocrx_word' id='word_1_31' title='bbox 225 1072 349 1139; x_wconf 85' lang='lat' dir='ltr'><strong>Tamen</strong></span> <span class='ocrx_word' id='word_1_32' title='bbox 376 1072 485 1138; x_wconf 90' lang='lat' dir='ltr'><strong>ludere</strong></span> <span class='ocrx_word' id='word_1_33' title='bbox 513 1073 600 1139; x_wconf 90' lang='lat' dir='ltr'><strong>inter</strong></span> <span class='ocrx_word' id='word_1_34' title='bbox 626 1095 695 1139; x_wconf 89' lang='lat' dir='ltr'><strong>nos:</strong></span> <span class='ocrx_word' id='word_1_35' title='bbox 731 1075 913 1156; x_wconf 72' lang='lat' dir='ltr'><strong>strategum</strong></span> <span class='ocrx_word' id='word_1_36' title='bbox 940 1072 973 1136; x_wconf 75' lang='lat' dir='ltr'><strong>te</strong></span> <span class='ocrx_word' id='word_1_37' title='bbox 1001 1068 1086 1135; x_wconf 85' lang='lat' dir='ltr'><strong>facio</strong></span> <span class='ocrx_word' id='word_1_38' title='bbox 1107 1066 1173 1132; x_wconf 87' lang='lat' dir='ltr'><strong>huie</strong></span> <span class='ocrx_word' id='word_1_39' title='bbox 1189 1087 1234 1130; x_wconf 83' lang='lat' dir='ltr'><strong>sou</strong></span> 
     </span>
     <span class='ocr_line' id='line_1_8' title="bbox 988 1198 1091 1243; baseline -0.019 -1"><span class='ocrx_word' id='word_1_40' title='bbox 988 1198 1091 1243; x_wconf 87' lang='lat' dir='ltr'><strong>muro:</strong></span> 
     </span>
     <span class='ocr_line' id='line_1_9' title="bbox 136 1319 1239 1410; baseline -0.007 -22"><span class='ocrx_word' id='word_1_41' title='bbox 136 1324 191 1388; x_wconf 91' lang='lat' dir='ltr'><strong>obi</strong></span> <span class='ocrx_word' id='word_1_42' title='bbox 222 1345 286 1389; x_wconf 89' lang='lat' dir='ltr'><strong>uno</strong></span> <span class='ocrx_word' id='word_1_43' title='bbox 316 1323 423 1389; x_wconf 90' lang='lat' dir='ltr'><strong>deleto</strong></span> <span class='ocrx_word' id='word_1_44' title='bbox 454 1328 569 1401; x_wconf 75' lang='lat' dir='ltr'><strong>torum,</strong></span> <span class='ocrx_word' id='word_1_45' title='bbox 600 1324 685 1410; x_wconf 92' lang='lat' dir='ltr'><strong>quod</strong></span> <span class='ocrx_word' id='word_1_46' title='bbox 716 1346 733 1389; x_wconf 90' lang='lat' dir='ltr'><strong>e</strong></span> <span class='ocrx_word' id='word_1_47' title='bbox 763 1346 792 1389; x_wconf 84' lang='lat' dir='ltr'><strong>v.</strong></span> <span class='ocrx_word' id='word_1_48' title='bbox 819 1325 858 1390; x_wconf 85' lang='lat'><strong>13</strong></span> <span class='ocrx_word' id='word_1_49' title='bbox 888 1323 1052 1388; x_wconf 81' lang='lat' dir='ltr'><strong>invectum</strong></span> <span class='ocrx_word' id='word_1_50' title='bbox 1080 1321 1129 1384; x_wconf 93' lang='lat' dir='ltr'><strong>est</strong></span> <span class='ocrx_word' id='word_1_51' title='bbox 1149 1319 1239 1401; x_wconf 82' lang='lat' dir='ltr'><strong>praeter</strong></span> 
     </span>
     <span class='ocr_line' id='line_1_10' title="bbox 135 1423 1241 1516; baseline -0.006 -21"><span class='ocrx_word' id='word_1_52' title='bbox 135 1430 295 1496; x_wconf 90' lang='lat' dir='ltr'><strong>rationem</strong></span> <span class='ocrx_word' id='word_1_53' title='bbox 315 1431 505 1514; x_wconf 89' lang='lat' dir='ltr'><strong>sententiae,</strong></span> <span class='ocrx_word' id='word_1_54' title='bbox 525 1432 636 1496; x_wconf 89' lang='lat' dir='ltr'><strong>omnia</strong></span> <span class='ocrx_word' id='word_1_55' title='bbox 654 1431 843 1516; x_wconf 85' lang='lat' dir='ltr'><strong>expedieris.</strong></span> <span class='ocrx_word' id='word_1_56' title='bbox 874 1423 1047 1496; x_wconf 87' lang='lat' dir='ltr'><strong>Postremo</strong></span> <span class='ocrx_word' id='word_1_57' title='bbox 1065 1426 1120 1512; x_wconf 91' lang='lat' dir='ltr'><strong>qui</strong></span> <span class='ocrx_word' id='word_1_58' title='bbox 1137 1424 1241 1508; x_wconf 79' lang='lat' dir='ltr'><strong>aliquem</strong></span> 
     </span>
     <span class='ocr_line' id='line_1_11' title="bbox 136 1533 1243 1622; baseline -0.005 -20"><span class='ocrx_word' id='word_1_59' title='bbox 136 1559 266 1602; x_wconf 91' lang='lat' dir='ltr'><strong>sensum</strong></span> <span class='ocrx_word' id='word_1_60' title='bbox 295 1537 523 1603; x_wconf 77' lang='lat' dir='ltr'><strong>concinnitatis</strong></span> <span class='ocrx_word' id='word_1_61' title='bbox 546 1538 681 1622; x_wconf 89' lang='lat' dir='ltr'><strong>habeat,</strong></span> <span class='ocrx_word' id='word_1_62' title='bbox 707 1560 774 1604; x_wconf 90' lang='lat' dir='ltr'><strong>non</strong></span> <span class='ocrx_word' id='word_1_63' title='bbox 802 1537 955 1603; x_wconf 76' lang='lat' dir='ltr'><strong>admittet</strong></span> <span class='ocrx_word' id='word_1_64' title='bbox 983 1534 1100 1621; x_wconf 87' lang='lat' dir='ltr'><strong>opinor</strong></span> <span class='ocrx_word' id='word_1_65' title='bbox 1122 1552 1172 1598; x_wconf 78' lang='lat' dir='ltr'><strong>uos</strong></span> <span class='ocrx_word' id='word_1_66' title='bbox 1189 1533 1243 1596; x_wconf 77' lang='lat' dir='ltr'><strong>istu</strong></span> 
     </span>
    </p>
   </div>
   <div class='ocr_carea' id='block_1_5' title="bbox 135 1638 1245 1838">
    <p class='ocr_par' dir='ltr' id='par_1_5' title="bbox 135 1638 1245 1838">
     <span class='ocr_line' id='line_1_12' title="bbox 135 1638 1245 1728; baseline -0.007 -19"><span class='ocrx_word' id='word_1_67' title='bbox 135 1643 218 1709; x_wconf 78' lang='lat' dir='ltr'><strong>olido</strong></span> <span class='ocrx_word' id='word_1_68' title='bbox 240 1643 336 1709; x_wconf 93' lang='lat' dir='ltr'><strong>Poen.</strong></span> <span class='ocrx_word' id='word_1_69' title='bbox 359 1642 400 1728; x_wconf 90' lang='lat' dir='ltr'><strong>V,</strong></span> <span class='ocrx_word' id='word_1_70' title='bbox 423 1646 458 1727; x_wconf 85' lang='lat'><strong>4,</strong></span> <span class='ocrx_word' id='word_1_71' title='bbox 483 1645 538 1728; x_wconf 82' lang='lat'><strong>22,</strong></span> <span class='ocrx_word' id='word_1_72' title='bbox 572 1645 627 1710; x_wconf 86' lang='lat' dir='ltr'><strong>sed</strong></span> <span class='ocrx_word' id='word_1_73' title='bbox 650 1645 819 1710; x_wconf 87' lang='lat' dir='ltr'><strong>lenissima</strong></span> <span class='ocrx_word' id='word_1_74' title='bbox 840 1642 1097 1728; x_wconf 81' lang='lat' dir='ltr'><strong>transpositione</strong></span> <span class='ocrx_word' id='word_1_75' title='bbox 1119 1638 1202 1704; x_wconf 86' lang='lat' dir='ltr'><strong>metri</strong></span> <span class='ocrx_word' id='word_1_76' title='bbox 1217 1638 1245 1702; x_wconf 83' lang='lat' dir='ltr'><strong>le</strong></span> 
     </span>
     <span class='ocr_line' id='line_1_13' title="bbox 135 1751 482 1838; baseline -0.003 -21"><span class='ocrx_word' id='word_1_77' title='bbox 135 1751 231 1838; x_wconf 86' lang='lat' dir='ltr'><strong>gibus</strong></span> <span class='ocrx_word' id='word_1_78' title='bbox 255 1751 302 1816; x_wconf 91' lang='lat' dir='ltr'><strong>sic</strong></span> <span class='ocrx_word' id='word_1_79' title='bbox 325 1751 482 1817; x_wconf 87' lang='lat' dir='ltr'><strong>consulet:</strong></span> 
     </span>
    </p>
   </div>
   <div class='ocr_carea' id='block_1_6' title="bbox 203 1890 1201 1979">
    <p class='ocr_par' dir='ltr' id='par_1_6' title="bbox 203 1890 1201 1979">
     <span class='ocr_line' id='line_1_14' title="bbox 203 1890 1201 1979; baseline -0.005 -21"><span class='ocrx_word' id='word_1_80' title='bbox 203 1893 294 1959; x_wconf 84' lang='lat' dir='ltr'><strong>Siedt</strong></span> <span class='ocrx_word' id='word_1_81' title='bbox 316 1916 377 1959; x_wconf 87' lang='lat' dir='ltr'><strong>nos</strong></span> <span class='ocrx_word' id='word_1_82' title='bbox 400 1893 497 1959; x_wconf 92' lang='lat' dir='ltr'><strong>hodie</strong></span> <span class='ocrx_word' id='word_1_83' title='bbox 521 1895 605 1961; x_wconf 75' lang='lat' dir='ltr'><strong>inter</strong></span> <span class='ocrx_word' id='word_1_84' title='bbox 628 1896 710 1962; x_wconf 87' lang='lat' dir='ltr'><strong>alias</strong></span> <span class='ocrx_word' id='word_1_85' title='bbox 733 1892 958 1979; x_wconf 77' lang='lat' dir='ltr'><strong>praestitimus</strong></span> <span class='ocrx_word' id='word_1_86' title='bbox 982 1890 1201 1979; x_wconf 79' lang='lat' dir='ltr'><strong>pulcritudine.</strong></span> 
     </span>
    </p>
   </div>
   <div class='ocr_carea' id='block_1_7' title="bbox 8 2032 1251 3403">
    <p class='ocr_par' dir='ltr' id='par_1_7' title="bbox 130 2032 1251 2765">
     <span class='ocr_line' id='line_1_15' title="bbox 224 2032 1249 2122; baseline -0.006 -23"><span class='ocrx_word' id='word_1_87' title='bbox 224 2035 370 2121; x_wconf 88' lang='lat' dir='ltr'><strong>Brevius,</strong></span> <span class='ocrx_word' id='word_1_88' title='bbox 393 2037 422 2103; x_wconf 91' lang='lat' dir='ltr'><strong>si</strong></span> <span class='ocrx_word' id='word_1_89' title='bbox 443 2040 590 2122; x_wconf 87' lang='lat' dir='ltr'><strong>potuero,</strong></span> <span class='ocrx_word' id='word_1_90' title='bbox 614 2040 782 2105; x_wconf 81' lang='lat' dir='ltr'><strong>absolvam</strong></span> <span class='ocrx_word' id='word_1_91' title='bbox 806 2042 922 2120; x_wconf 87' lang='lat' dir='ltr'><strong>cetera,</strong></span> <span class='ocrx_word' id='word_1_92' title='bbox 946 2039 1123 2121; x_wconf 87' lang='lat' dir='ltr'><strong>postquam</strong></span> <span class='ocrx_word' id='word_1_93' title='bbox 1141 2032 1211 2097; x_wconf 87' lang='lat' dir='ltr'><strong>satis</strong></span> <span class='ocrx_word' id='word_1_94' title='bbox 1226 2032 1249 2093; x_wconf 85' lang='lat' dir='ltr'><strong>ot</strong></span> 
     </span>
     <span class='ocr_line' id='line_1_16' title="bbox 135 2141 1249 2231; baseline -0.004 -24"><span class='ocrx_word' id='word_1_95' title='bbox 135 2146 214 2228; x_wconf 92' lang='lat' dir='ltr'><strong>puto</strong></span> <span class='ocrx_word' id='word_1_96' title='bbox 244 2164 307 2209; x_wconf 89' lang='lat' dir='ltr'><strong>uno</strong></span> <span class='ocrx_word' id='word_1_97' title='bbox 336 2144 486 2227; x_wconf 84' lang='lat' dir='ltr'><strong>exemplo</strong></span> <span class='ocrx_word' id='word_1_98' title='bbox 515 2147 634 2230; x_wconf 90' lang='lat' dir='ltr'><strong>patuit,</strong></span> <span class='ocrx_word' id='word_1_99' title='bbox 666 2168 764 2231; x_wconf 90' lang='lat' dir='ltr'><strong>quam</strong></span> <span class='ocrx_word' id='word_1_100' title='bbox 793 2146 929 2230; x_wconf 75' lang='lat' dir='ltr'><strong>longum</strong></span> <span class='ocrx_word' id='word_1_101' title='bbox 956 2144 1002 2209; x_wconf 92' lang='lat' dir='ltr'><strong>sit</strong></span> <span class='ocrx_word' id='word_1_102' title='bbox 1023 2144 1058 2208; x_wconf 94' lang='lat' dir='ltr'><strong>in</strong></span> <span class='ocrx_word' id='word_1_103' title='bbox 1081 2141 1143 2208; x_wconf 88' lang='lat' dir='ltr'><strong>hoo</strong></span> <span class='ocrx_word' id='word_1_104' title='bbox 1164 2157 1249 2226; x_wconf 81' lang='lat' dir='ltr'><strong>genere</strong></span> 
     </span>
     <span class='ocr_line' id='line_1_17' title="bbox 136 2242 1251 2337; baseline -0.004 -23"><span class='ocrx_word' id='word_1_105' title='bbox 136 2249 266 2334; x_wconf 82' lang='lat' dir='ltr'><strong>singula</strong></span> <span class='ocrx_word' id='word_1_106' title='bbox 294 2251 463 2316; x_wconf 87' lang='lat' dir='ltr'><strong>exhaurire</strong></span> <span class='ocrx_word' id='word_1_107' title='bbox 493 2273 566 2316; x_wconf 87' lang='lat' dir='ltr'><strong>cum</strong></span> <span class='ocrx_word' id='word_1_108' title='bbox 594 2252 786 2337; x_wconf 88' lang='lat' dir='ltr'><strong>pulvisculo.</strong></span> <span class='ocrx_word' id='word_1_109' title='bbox 831 2249 946 2316; x_wconf 81' lang='lat' dir='ltr'><strong>Aede</strong></span> <span class='ocrx_word' id='word_1_110' title='bbox 973 2269 1100 2332; x_wconf 82' lang='lat' dir='ltr'><strong>nempe</strong></span> <span class='ocrx_word' id='word_1_111' title='bbox 1121 2242 1251 2332; x_wconf 76' lang='lat' dir='ltr'><strong>perticat</strong></span> 
     </span>
     <span class='ocr_line' id='line_1_18' title="bbox 136 2354 1251 2443; baseline -0.004 -23"><span class='ocrx_word' id='word_1_112' title='bbox 136 2356 198 2421; x_wconf 88' lang='lat' dir='ltr'><strong>etsi</strong></span> <span class='ocrx_word' id='word_1_113' title='bbox 226 2360 260 2421; x_wconf 90' lang='lat' dir='ltr'><strong>et</strong></span> <span class='ocrx_word' id='word_1_114' title='bbox 287 2362 375 2423; x_wconf 88' lang='lat' dir='ltr'><strong>certa</strong></span> <span class='ocrx_word' id='word_1_115' title='bbox 403 2380 454 2423; x_wconf 89' lang='lat' dir='ltr'><strong>res</strong></span> <span class='ocrx_word' id='word_1_116' title='bbox 479 2361 529 2422; x_wconf 92' lang='lat' dir='ltr'><strong>est</strong></span> <span class='ocrx_word' id='word_1_117' title='bbox 552 2362 586 2424; x_wconf 90' lang='lat' dir='ltr'><strong>et</strong></span> <span class='ocrx_word' id='word_1_118' title='bbox 608 2359 722 2423; x_wconf 88' lang='lat' dir='ltr'><strong>crebra</strong></span> <span class='ocrx_word' id='word_1_119' title='bbox 746 2359 906 2443; x_wconf 87' lang='lat' dir='ltr'><strong>exempla,</strong></span> <span class='ocrx_word' id='word_1_120' title='bbox 938 2361 1051 2422; x_wconf 87' lang='lat' dir='ltr'><strong>tamen</strong></span> <span class='ocrx_word' id='word_1_121' title='bbox 1074 2354 1251 2420; x_wconf 78' lang='lat' dir='ltr'><strong>Trinommus</strong></span> 
     </span>
     <span class='ocr_line' id='line_1_19' title="bbox 135 2463 1251 2552; baseline -0.003 -25"><span class='ocrx_word' id='word_1_122' title='bbox 135 2463 264 2548; x_wconf 90' lang='lat' dir='ltr'><strong>quidem</strong></span> <span class='ocrx_word' id='word_1_123' title='bbox 291 2486 356 2530; x_wconf 91' lang='lat' dir='ltr'><strong>non</strong></span> <span class='ocrx_word' id='word_1_124' title='bbox 389 2469 558 2551; x_wconf 89' lang='lat' dir='ltr'><strong>quattuor,</strong></span> <span class='ocrx_word' id='word_1_125' title='bbox 589 2489 671 2552; x_wconf 89' lang='lat' dir='ltr'><strong>quae</strong></span> <span class='ocrx_word' id='word_1_126' title='bbox 699 2467 840 2551; x_wconf 88' lang='lat' dir='ltr'><strong>videtur,</strong></span> <span class='ocrx_word' id='word_1_127' title='bbox 868 2466 924 2533; x_wconf 89' lang='lat' dir='ltr'><strong>sed</strong></span> <span class='ocrx_word' id='word_1_128' title='bbox 951 2486 1053 2529; x_wconf 90' lang='lat' dir='ltr'><strong>unum</strong></span> <span class='ocrx_word' id='word_1_129' title='bbox 1077 2465 1201 2529; x_wconf 86' lang='lat' dir='ltr'><strong>tantum</strong></span> <span class='ocrx_word' id='word_1_130' title='bbox 1217 2478 1251 2523; x_wconf 79' lang='lat' dir='ltr'><strong>ue</strong></span> 
     </span>
     <span class='ocr_line' id='line_1_20' title="bbox 137 2568 1250 2657; baseline -0.002 -22"><span class='ocrx_word' id='word_1_131' title='bbox 137 2571 260 2655; x_wconf 84' lang='lat' dir='ltr'><strong>glectae</strong></span> <span class='ocrx_word' id='word_1_132' title='bbox 284 2573 457 2656; x_wconf 87' lang='lat' dir='ltr'><strong>positionis</strong></span> <span class='ocrx_word' id='word_1_133' title='bbox 477 2575 659 2657; x_wconf 83' lang='lat' dir='ltr'><strong>exemplum</strong></span> <span class='ocrx_word' id='word_1_134' title='bbox 678 2577 824 2657; x_wconf 83' lang='lat' dir='ltr'><strong>praestat</strong></span> <span class='ocrx_word' id='word_1_135' title='bbox 842 2573 946 2638; x_wconf 63' lang='lat' dir='ltr'><strong>aaut</strong></span> <span class='ocrx_word' id='word_1_136' title='bbox 972 2573 1092 2654; x_wconf 84' lang='lat' dir='ltr'><strong>Nempe</strong></span> <span class='ocrx_word' id='word_1_137' title='bbox 1113 2568 1188 2652; x_wconf 72' lang='lat' dir='ltr'><strong>qudo</strong></span> <span class='ocrx_word' id='word_1_138' title='bbox 1206 2584 1250 2648; x_wconf 72' lang='lat' dir='ltr'><strong>spu</strong></span> 
     </span>
     <span class='ocr_line' id='line_1_21' title="bbox 130 2678 1251 2765; baseline -0.003 -23"><span class='ocrx_word' id='word_1_139' title='bbox 130 2679 241 2758; x_wconf 80' lang='lat' dir='ltr'><strong>pondi:</strong></span> <span class='ocrx_word' id='word_1_140' title='bbox 266 2678 405 2742; x_wconf 90' lang='lat' dir='ltr'><strong>alterum</strong></span> <span class='ocrx_word' id='word_1_141' title='bbox 426 2702 454 2745; x_wconf 85' lang='lat' dir='ltr'><strong>v.</strong></span> <span class='ocrx_word' id='word_1_142' title='bbox 470 2681 543 2763; x_wconf 79' lang='lat'><strong>328,</strong></span> <span class='ocrx_word' id='word_1_143' title='bbox 564 2681 648 2765; x_wconf 91' lang='lat' dir='ltr'><strong>quod</strong></span> <span class='ocrx_word' id='word_1_144' title='bbox 668 2681 733 2746; x_wconf 89' lang='lat' dir='ltr'><strong>iam</strong></span> <span class='ocrx_word' id='word_1_145' title='bbox 753 2704 782 2763; x_wconf 92' lang='lat' dir='ltr'><strong>p.</strong></span> <span class='ocrx_word' id='word_1_146' title='bbox 797 2698 879 2744; x_wconf 73' lang='lat' dir='ltr'><strong>axvi</strong></span> <span class='ocrx_word' id='word_1_147' title='bbox 891 2679 984 2760; x_wconf 75' lang='lat'>[324]</span> <span class='ocrx_word' id='word_1_148' title='bbox 1004 2679 1183 2764; x_wconf 83' lang='lat' dir='ltr'><strong>tetigimus,</strong></span> <span class='ocrx_word' id='word_1_149' title='bbox 1203 2692 1251 2739; x_wconf 81' lang='lat' dir='ltr'><strong>osu</strong></span> 
     </span>
    </p>

    <p class='ocr_par' dir='ltr' id='par_1_8' title="bbox 8 2775 1251 3403">
     <span class='ocr_line' id='line_1_22' title="bbox 8 2775 1251 2867; baseline -0.002 -21"><span class='ocrx_word' id='word_1_150' title='bbox 8 2800 120 2839; x_wconf 78' lang='lat' dir='ltr'><strong>cxxxn</strong></span> <span class='ocrx_word' id='word_1_151' title='bbox 134 2784 351 2849; x_wconf 87' lang='lat' dir='ltr'><strong>Ambrosiano</strong></span> <span class='ocrx_word' id='word_1_152' title='bbox 375 2786 577 2851; x_wconf 87' lang='lat' dir='ltr'><strong>sustulimus:</strong></span> <span class='ocrx_word' id='word_1_153' title='bbox 601 2788 733 2850; x_wconf 89' lang='lat' dir='ltr'><strong>tertium</strong></span> <span class='ocrx_word' id='word_1_154' title='bbox 756 2809 784 2851; x_wconf 84' lang='lat' dir='ltr'><strong>v.</strong></span> <span class='ocrx_word' id='word_1_155' title='bbox 811 2787 873 2852; x_wconf 89' lang='grc'><strong>196</strong></span> <span class='ocrx_word' id='word_1_156' title='bbox 902 2786 1009 2867; x_wconf 72' lang='lat' dir='ltr'><strong>nempe</strong></span> <span class='ocrx_word' id='word_1_157' title='bbox 1032 2786 1120 2867; x_wconf 70' lang='lat' dir='ltr'><strong>opseri</strong></span> <span class='ocrx_word' id='word_1_158' title='bbox 1142 2775 1251 2855; x_wconf 52' lang='lat' dir='ltr'><strong>Qud</strong></span> 
     </span>
     <span class='ocr_line' id='line_1_23' title="bbox 134 2892 1251 2975; baseline -0.003 -22"><span class='ocrx_word' id='word_1_159' title='bbox 134 2893 284 2973; x_wconf 90' lang='lat' dir='ltr'><strong>quartum</strong></span> <span class='ocrx_word' id='word_1_160' title='bbox 304 2894 417 2954; x_wconf 88' lang='lat' dir='ltr'><strong>nostra</strong></span> <span class='ocrx_word' id='word_1_161' title='bbox 436 2892 620 2957; x_wconf 90' lang='lat' dir='ltr'><strong>coniectura</strong></span> <span class='ocrx_word' id='word_1_162' title='bbox 639 2895 775 2957; x_wconf 86' lang='lat' dir='ltr'><strong>accessit</strong></span> <span class='ocrx_word' id='word_1_163' title='bbox 794 2894 872 2957; x_wconf 69' lang='lat' dir='ltr'><strong>sol</strong></span> <span class='ocrx_word' id='word_1_164' title='bbox 887 2893 958 2973; x_wconf 82' lang='lat'>[60]</span> <span class='ocrx_word' id='word_1_165' title='bbox 977 2913 1085 2975; x_wconf 80' lang='lat' dir='ltr'><strong>nempe</strong></span> <span class='ocrx_word' id='word_1_166' title='bbox 1103 2892 1195 2974; x_wconf 83' lang='lat' dir='ltr'><strong>euim,</strong></span> <span class='ocrx_word' id='word_1_167' title='bbox 1209 2905 1251 2951; x_wconf 84' lang='lat' dir='ltr'><strong>ros</strong></span> 
     </span>
     <span class='ocr_line' id='line_1_24' title="bbox 133 2996 1251 3084; baseline 0.003 -25"><span class='ocrx_word' id='word_1_168' title='bbox 133 2996 218 3061; x_wconf 88' lang='lat' dir='ltr'><strong>hano</strong></span> <span class='ocrx_word' id='word_1_169' title='bbox 240 2998 349 3080; x_wconf 86' lang='lat' dir='ltr'><strong>potius</strong></span> <span class='ocrx_word' id='word_1_170' title='bbox 374 2998 497 3063; x_wconf 88' lang='lat' dir='ltr'><strong>habent</strong></span> <span class='ocrx_word' id='word_1_171' title='bbox 519 3022 615 3084; x_wconf 92' lang='lat' dir='ltr'><strong>quam</strong></span> <span class='ocrx_word' id='word_1_172' title='bbox 640 3000 739 3064; x_wconf 88' lang='lat' dir='ltr'><strong>aliam</strong></span> <span class='ocrx_word' id='word_1_173' title='bbox 763 2999 925 3084; x_wconf 90' lang='lat' dir='ltr'><strong>quandam</strong></span> <span class='ocrx_word' id='word_1_174' title='bbox 949 2998 1133 3081; x_wconf 83' lang='lat' dir='ltr'><strong>licentiam,</strong></span> <span class='ocrx_word' id='word_1_175' title='bbox 1156 2997 1191 3062; x_wconf 88' lang='lat' dir='ltr'><strong>de</strong></span> <span class='ocrx_word' id='word_1_176' title='bbox 1209 3012 1251 3078; x_wconf 71' lang='lat' dir='ltr'><strong>qut</strong></span> 
     </span>
     <span class='ocr_line' id='line_1_25' title="bbox 134 3097 1251 3171; baseline 0 -5"><span class='ocrx_word' id='word_1_177' title='bbox 134 3124 192 3167; x_wconf 93' lang='lat' dir='ltr'><strong>suo</strong></span> <span class='ocrx_word' id='word_1_178' title='bbox 215 3103 287 3167; x_wconf 87' lang='lat' dir='ltr'><strong>loco</strong></span> <span class='ocrx_word' id='word_1_179' title='bbox 312 3103 445 3170; x_wconf 85' lang='lat' dir='ltr'><strong>dicetur.</strong></span> <span class='ocrx_word' id='word_1_180' title='bbox 466 3142 507 3150; x_wconf 84' lang='lat'>—</span> <span class='ocrx_word' id='word_1_181' title='bbox 531 3105 701 3170; x_wconf 85' lang='lat' dir='ltr'><strong>Postremo</strong></span> <span class='ocrx_word' id='word_1_182' title='bbox 725 3107 764 3171; x_wconf 90' lang='lat' dir='ltr'><strong>de</strong></span> <span class='ocrx_word' id='word_1_183' title='bbox 787 3107 904 3171; x_wconf 68' lang='lat' dir='ltr'><strong>burnis</strong></span> <span class='ocrx_word' id='word_1_184' title='bbox 927 3127 994 3170; x_wconf 92' lang='lat' dir='ltr'><strong>non</strong></span> <span class='ocrx_word' id='word_1_185' title='bbox 1017 3110 1070 3170; x_wconf 90' lang='lat' dir='ltr'><strong>est</strong></span> <span class='ocrx_word' id='word_1_186' title='bbox 1093 3097 1251 3170; x_wconf 77' lang='lat' dir='ltr'><strong>ullomodo</strong></span> 
     </span>
     <span class='ocr_line' id='line_1_26' title="bbox 133 3204 1251 3296; baseline -0.001 -24"><span class='ocrx_word' id='word_1_187' title='bbox 133 3209 355 3276; x_wconf 88' lang='lat' dir='ltr'><strong>dubitandum.</strong></span> <span class='ocrx_word' id='word_1_188' title='bbox 402 3208 534 3276; x_wconf 80' lang='lat' dir='ltr'><strong>Certum</strong></span> <span class='ocrx_word' id='word_1_189' title='bbox 566 3217 615 3276; x_wconf 90' lang='lat' dir='ltr'><strong>est</strong></span> <span class='ocrx_word' id='word_1_190' title='bbox 644 3214 679 3276; x_wconf 90' lang='lat' dir='ltr'><strong>in</strong></span> <span class='ocrx_word' id='word_1_191' title='bbox 709 3212 899 3279; x_wconf 86' lang='lat' dir='ltr'><strong>Trinummo</strong></span> <span class='ocrx_word' id='word_1_192' title='bbox 931 3211 1118 3296; x_wconf 84' lang='lat' dir='ltr'><strong>exemplum</strong></span> <span class='ocrx_word' id='word_1_193' title='bbox 1148 3234 1175 3275; x_wconf 79' lang='lat' dir='ltr'><strong>v.</strong></span> <span class='ocrx_word' id='word_1_194' title='bbox 1200 3204 1251 3285; x_wconf 73' lang='lat'><strong>621,</strong></span> 
     </span>
     <span class='ocr_line' id='line_1_27' title="bbox 134 3318 1200 3403; baseline -0.002 -23"><span class='ocrx_word' id='word_1_195' title='bbox 134 3338 228 3400; x_wconf 90' lang='lat' dir='ltr'><strong>quem</strong></span> <span class='ocrx_word' id='word_1_196' title='bbox 253 3318 368 3383; x_wconf 88' lang='lat' dir='ltr'><strong>misere</strong></span> <span class='ocrx_word' id='word_1_197' title='bbox 392 3318 604 3401; x_wconf 87' lang='lat' dir='ltr'><strong>pessumdant</strong></span> <span class='ocrx_word' id='word_1_198' title='bbox 627 3320 681 3403; x_wconf 92' lang='lat' dir='ltr'><strong>qui</strong></span> <span class='ocrx_word' id='word_1_199' title='bbox 706 3320 801 3384; x_wconf 87' lang='lat' dir='ltr'><strong>aliter</strong></span> <span class='ocrx_word' id='word_1_200' title='bbox 823 3340 920 3403; x_wconf 88' lang='lat' dir='ltr'><strong>quam</strong></span> <span class='ocrx_word' id='word_1_201' title='bbox 944 3318 992 3382; x_wconf 89' lang='lat' dir='ltr'><strong>sic</strong></span> <span class='ocrx_word' id='word_1_202' title='bbox 1016 3318 1200 3382; x_wconf 86' lang='lat' dir='ltr'><strong>metiuntur:</strong></span> 
     </span>
    </p>
   </div>
   <div class='ocr_carea' id='block_1_8' title="bbox 223 3452 1243 3632">
    <p class='ocr_par' dir='ltr' id='par_1_9' title="bbox 223 3452 1243 3632">
     <span class='ocr_line' id='line_1_28' title="bbox 223 3452 1243 3546; baseline 0.002 -24"><span class='ocrx_word' id='word_1_203' title='bbox 223 3458 309 3535; x_wconf 82' lang='lat' dir='ltr'><strong>Quoi</strong></span> <span class='ocrx_word' id='word_1_204' title='bbox 329 3463 419 3525; x_wconf 90' lang='lat' dir='ltr'><strong>tuam</strong></span> <span class='ocrx_word' id='word_1_205' title='bbox 444 3483 542 3546; x_wconf 92' lang='lat' dir='ltr'><strong>quom</strong></span> <span class='ocrx_word' id='word_1_206' title='bbox 566 3463 633 3524; x_wconf 77' lang='lat' dir='ltr'><strong>rem</strong></span> <span class='ocrx_word' id='word_1_207' title='bbox 657 3461 840 3544; x_wconf 81' lang='lat' dir='ltr'><strong>credideris,</strong></span> <span class='ocrx_word' id='word_1_208' title='bbox 862 3459 970 3546; x_wconf 80' lang='lat' dir='ltr'><strong>sine*)</strong></span> <span class='ocrx_word' id='word_1_209' title='bbox 995 3461 1086 3525; x_wconf 91' lang='lat' dir='ltr'><strong>omni</strong></span> <span class='ocrx_word' id='word_1_210' title='bbox 1111 3481 1182 3524; x_wconf 87' lang='lat' dir='ltr'><strong>cura</strong></span> <span class='ocrx_word' id='word_1_211' title='bbox 1199 3452 1243 3517; x_wconf 57' lang='lat' dir='ltr'><strong>dtr</strong></span> 
     </span>
     <span class='ocr_line' id='line_1_29' title="bbox 986 3588 1087 3632; baseline -0.01 -1"><span class='ocrx_word' id='word_1_212' title='bbox 986 3588 1087 3632; x_wconf 86' lang='lat' dir='ltr'><strong>mras:</strong></span> 
     </span>
    </p>
   </div>
   <div class='ocr_carea' id='block_1_9' title="bbox 128 3689 1238 3987">
    <p class='ocr_par' dir='ltr' id='par_1_10' title="bbox 128 3689 1238 3987">
     <span class='ocr_line' id='line_1_30' title="bbox 135 3689 1238 3776; baseline 0 -26"><span class='ocrx_word' id='word_1_213' title='bbox 135 3691 232 3771; x_wconf 90' lang='lat' dir='ltr'><strong>atque</strong></span> <span class='ocrx_word' id='word_1_214' title='bbox 264 3689 348 3753; x_wconf 90' lang='lat' dir='ltr'><strong>hano</strong></span> <span class='ocrx_word' id='word_1_215' title='bbox 381 3691 488 3775; x_wconf 89' lang='lat' dir='ltr'><strong>ipsam</strong></span> <span class='ocrx_word' id='word_1_216' title='bbox 522 3693 770 3758; x_wconf 82' lang='lat' dir='ltr'><strong>collocationem</strong></span> <span class='ocrx_word' id='word_1_217' title='bbox 802 3692 977 3757; x_wconf 84' lang='lat' dir='ltr'><strong>verborum</strong></span> <span class='ocrx_word' id='word_1_218' title='bbox 1008 3689 1084 3776; x_wconf 86' lang='lat' dir='ltr'><strong>(pro</strong></span> <span class='ocrx_word' id='word_1_219' title='bbox 1112 3692 1174 3756; x_wconf 62' lang='lat' dir='ltr'><strong>aare</strong></span> <span class='ocrx_word' id='word_1_220' title='bbox 1194 3696 1238 3749; x_wconf 70' lang='lat' dir='ltr'><strong>old</strong></span> 
     </span>
     <span class='ocr_line' id='line_1_31' title="bbox 134 3782 1237 3883; baseline 0.005 -29"><span class='ocrx_word' id='word_1_221' title='bbox 134 3792 232 3877; x_wconf 77' lang='lat' dir='ltr'><strong>oraui)</strong></span> <span class='ocrx_word' id='word_1_222' title='bbox 256 3797 288 3856; x_wconf 89' lang='lat' dir='ltr'><strong>et</strong></span> <span class='ocrx_word' id='word_1_223' title='bbox 311 3792 542 3861; x_wconf 86' lang='lat' dir='ltr'><strong>Terentianum</strong></span> <span class='ocrx_word' id='word_1_224' title='bbox 566 3798 644 3863; x_wconf 89' lang='lat' dir='ltr'><strong>illud</strong></span> <span class='ocrx_word' id='word_1_225' title='bbox 670 3803 779 3863; x_wconf 85' lang='lat' dir='ltr'><strong>tuetur</strong></span> <span class='ocrx_word' id='word_1_226' title='bbox 803 3798 903 3862; x_wconf 81' lang='lat' dir='ltr'><strong>Andr.</strong></span> <span class='ocrx_word' id='word_1_227' title='bbox 927 3797 1072 3883; x_wconf 77' lang='lat'><strong>11,3,17</strong></span> <span class='ocrx_word' id='word_1_228' title='bbox 1098 3798 1168 3863; x_wconf 78' lang='lat' dir='ltr'><strong>Siue</strong></span> <span class='ocrx_word' id='word_1_229' title='bbox 1185 3782 1237 3855; x_wconf 70' lang='lat' dir='ltr'><strong>tuti</strong></span> 
     </span>
     <span class='ocr_line' id='line_1_32' title="bbox 128 3899 859 3987; baseline 0.011 -27"><span class='ocrx_word' id='word_1_230' title='bbox 128 3899 252 3978; x_wconf 67' lang='lat' dir='ltr'><strong>psers&#39;elo,</strong></span> <span class='ocrx_word' id='word_1_231' title='bbox 276 3904 308 3962; x_wconf 92' lang='lat' dir='ltr'><strong>et</strong></span> <span class='ocrx_word' id='word_1_232' title='bbox 331 3901 400 3983; x_wconf 88' lang='lat' dir='ltr'><strong>ipse</strong></span> <span class='ocrx_word' id='word_1_233' title='bbox 423 3902 558 3968; x_wconf 87' lang='lat' dir='ltr'><strong>Plautus</strong></span> <span class='ocrx_word' id='word_1_234' title='bbox 584 3904 656 3969; x_wconf 83' lang='lat' dir='ltr'><strong>Aul.</strong></span> <span class='ocrx_word' id='word_1_235' title='bbox 679 3903 859 3987; x_wconf 80' lang='lat' dir='ltr'><strong>1V,1,20:</strong></span> 
     </span>
    </p>
   </div>
   <div class='ocr_carea' id='block_1_10' title="bbox 222 4038 1208 4130">
    <p class='ocr_par' dir='ltr' id='par_1_11' title="bbox 222 4038 1208 4130">
     <span class='ocr_line' id='line_1_33' title="bbox 222 4038 1208 4130; baseline 0.006 -27"><span class='ocrx_word' id='word_1_236' title='bbox 222 4038 318 4106; x_wconf 81' lang='lat' dir='ltr'><strong>Nune</strong></span> <span class='ocrx_word' id='word_1_237' title='bbox 342 4044 410 4108; x_wconf 89' lang='lat' dir='ltr'><strong>sine</strong></span> <span class='ocrx_word' id='word_1_238' title='bbox 434 4048 521 4110; x_wconf 92' lang='lat' dir='ltr'><strong>omni</strong></span> <span class='ocrx_word' id='word_1_239' title='bbox 546 4046 726 4130; x_wconf 79' lang='lat' dir='ltr'><strong>suspitione</strong></span> <span class='ocrx_word' id='word_1_240' title='bbox 750 4048 783 4111; x_wconf 90' lang='lat' dir='ltr'><strong>in</strong></span> <span class='ocrx_word' id='word_1_241' title='bbox 808 4049 864 4110; x_wconf 76' lang='lat' dir='ltr'><strong>ara</strong></span> <span class='ocrx_word' id='word_1_242' title='bbox 887 4047 941 4111; x_wconf 89' lang='lat' dir='ltr'><strong>hic</strong></span> <span class='ocrx_word' id='word_1_243' title='bbox 966 4046 1114 4112; x_wconf 72' lang='lat' dir='ltr'><strong>adsidam</strong></span> <span class='ocrx_word' id='word_1_244' title='bbox 1135 4061 1208 4109; x_wconf 68' lang='lat' dir='ltr'><strong>saera</strong></span> 
     </span>
    </p>
   </div>
   <div class='ocr_carea' id='block_1_11' title="bbox 134 4173 1251 4375">
    <p class='ocr_par' dir='ltr' id='par_1_12' title="bbox 134 4173 1251 4375">
     <span class='ocr_line' id='line_1_34' title="bbox 135 4173 1251 4274; baseline 0.018 -32"><span class='ocrx_word' id='word_1_245' title='bbox 135 4180 300 4246; x_wconf 82' lang='lat' dir='ltr'><strong>Accedunt</strong></span> <span class='ocrx_word' id='word_1_246' title='bbox 322 4205 388 4248; x_wconf 92' lang='lat' dir='ltr'><strong>non</strong></span> <span class='ocrx_word' id='word_1_247' title='bbox 412 4186 518 4250; x_wconf 88' lang='lat' dir='ltr'><strong>minus</strong></span> <span class='ocrx_word' id='word_1_248' title='bbox 544 4193 631 4252; x_wconf 87' lang='lat' dir='ltr'><strong>certa</strong></span> <span class='ocrx_word' id='word_1_249' title='bbox 654 4190 729 4274; x_wconf 87' lang='lat' dir='ltr'><strong>alia,</strong></span> <span class='ocrx_word' id='word_1_250' title='bbox 752 4190 872 4273; x_wconf 89' lang='lat' dir='ltr'><strong>partim</strong></span> <span class='ocrx_word' id='word_1_251' title='bbox 896 4211 913 4254; x_wconf 92' lang='lat' dir='ltr'><strong>e</strong></span> <span class='ocrx_word' id='word_1_252' title='bbox 937 4211 1088 4255; x_wconf 84' lang='lat' dir='ltr'><strong>versuum</strong></span> <span class='ocrx_word' id='word_1_253' title='bbox 1110 4173 1251 4273; x_wconf 62' lang='lat' dir='ltr'><strong>prissssillli</strong></span> 
     </span>
     <span class='ocr_line' id='line_1_35' title="bbox 134 4276 1251 4375; baseline 0.021 -27"><span class='ocrx_word' id='word_1_254' title='bbox 134 4286 613 4375; x_wconf 46' lang='lat' dir='ltr'><strong>ummnuuua</strong></span> <span class='ocrx_word' id='word_1_255' title='bbox 1249 4276 1251 4299; x_wconf 92' lang='lat'>&#39;</span> 
     </span>
    </p>
   </div>
   <div class='ocr_carea' id='block_1_12' title="bbox 134 4410 345 4421">
    <p class='ocr_par' dir='ltr' id='par_1_13' title="bbox 134 4410 345 4421">
     <span class='ocr_line' id='line_1_36' title="bbox 134 4410 345 4421; baseline 0.005 -3"><span class='ocrx_word' id='word_1_256' title='bbox 134 4410 269 4419; x_wconf 81' lang='lat'><em>-———--.</em></span> <span class='ocrx_word' id='word_1_257' title='bbox 292 4415 345 4421; x_wconf 69' lang='grc'><strong>.-</strong></span> 
     </span>
    </p>
   </div>
   <div class='ocr_carea' id='block_1_13' title="bbox 240 4461 1251 4611">
    <p class='ocr_par' dir='ltr' id='par_1_14' title="bbox 240 4461 1251 4611">
     <span class='ocr_line' id='line_1_37' title="bbox 240 4461 1149 4538; baseline -0.008 -10"><span class='ocrx_word' id='word_1_258' title='bbox 240 4461 265 4528; x_wconf 78' lang='lat' dir='ltr'><strong>*l</strong></span> <span class='ocrx_word' id='word_1_259' title='bbox 285 4461 339 4532; x_wconf 64' lang='grc' dir='ltr'><strong>[(ἷῖΙ</strong></span> <span class='ocrx_word' id='word_1_260' title='bbox 361 4463 461 4532; x_wconf 82' lang='lat' dir='ltr'><strong>Opusc.</strong></span> <span class='ocrx_word' id='word_1_261' title='bbox 481 4467 550 4535; x_wconf 90' lang='lat' dir='ltr'><strong>phil.</strong></span> <span class='ocrx_word' id='word_1_262' title='bbox 570 4469 607 4521; x_wconf 93' lang='lat' dir='ltr'><strong>lll</strong></span> <span class='ocrx_word' id='word_1_263' title='bbox 627 4486 653 4538; x_wconf 90' lang='lat' dir='ltr'><strong>p.</strong></span> <span class='ocrx_word' id='word_1_264' title='bbox 676 4477 724 4525; x_wconf 85' lang='lat'><strong>131</strong></span> <span class='ocrx_word' id='word_1_265' title='bbox 746 4474 774 4525; x_wconf 91' lang='lat' dir='ltr'><strong>et</strong></span> <span class='ocrx_word' id='word_1_266' title='bbox 794 4470 884 4525; x_wconf 79' lang='lat' dir='ltr'><strong>Trin.‘²</strong></span> <span class='ocrx_word' id='word_1_267' title='bbox 902 4489 967 4527; x_wconf 87' lang='lat' dir='ltr'><strong>ann.</strong></span> <span class='ocrx_word' id='word_1_268' title='bbox 988 4471 1025 4527; x_wconf 88' lang='lat' dir='ltr'><strong>ad</strong></span> <span class='ocrx_word' id='word_1_269' title='bbox 1044 4490 1069 4527; x_wconf 84' lang='lat' dir='ltr'><strong>v.</strong></span> <span class='ocrx_word' id='word_1_270' title='bbox 1086 4465 1149 4534; x_wconf 73' lang='grc'><strong>621]</strong></span> 
     </span>
     <span class='ocr_line' id='line_1_38' title="bbox 1249 4568 1251 4611; baseline 0 0"><span class='ocrx_word' id='word_1_271' title='bbox 1249 4568 1251 4611; x_wconf 95' lang='grc' dir='ltr'>Ι</span> 
     </span>
    </p>
   </div>
   <div class='ocr_carea' id='block_1_14' title="bbox 0 0 1431 5034">
    <p class='ocr_par' dir='ltr' id='par_1_15' title="bbox 0 0 1431 5034">
     <span class='ocr_line' id='line_1_39' title="bbox 0 0 1431 5034; baseline 0 0"><span class='ocrx_word' id='word_1_272' title='bbox 0 0 1431 5034; x_wconf 95' lang='lat' dir='ltr'><strong> </strong></span> 
     </span>
    </p>
   </div>
  </div>
 </body>
</html>
