2836 5034
413 312 680 363 ammineum
702 312 911 363 rurvurosr.
1171 294 1240 361 415

185 454 298 543 lisque
319 454 415 523 illaec
436 454 498 523 ulli
519 454 601 543 pede
623 454 739 543 pedem
760 454 888 523 homini
909 457 1051 541 premat:

186 560 291 667 Quom
314 564 439 650 smgat,
459 582 564 649 neque
586 562 622 627 in
643 561 764 629 lectum
786 559 958 629 inscendat
978 580 1171 649 proxumum
1181 558 1240 625 -i

134 704 155 770 d
175 703 234 770 los
260 704 351 771 enim
377 724 491 771 omnes
517 702 635 770 similis
661 702 853 791 depravatio
879 701 1039 791 pertinuit
1060 723 1079 768 c
1101 704 1153 769 sat
1174 700 1240 768 leri

134 832 209 879 ussa
230 810 383 895 oriunda,
403 832 470 898 qua
490 811 539 878 sic
560 833 627 878 non
648 811 853 880 incommodo
876 810 1113 879 liberabuntur:

183 952 297 1041 Neque
319 951 421 1021 illaec
442 952 502 1020 ulli
522 948 604 1040 pede
626 952 744 1039 pedem
765 974 898 1039 msam
919 950 1047 1021 homim‘
1066 956 1204 1039 pmmat,
1238 970 1364 1017 cunm

184 1060 292 1139 Quom
314 1062 439 1146 sdrgat,
459 1080 563 1145 neque
580 1060 640 1127 sila
656 1060 691 1126 in
708 1061 827 1129 ltotom
845 1057 1015 1127 inscendat
1030 1058 1238 1145 prdxumum:

182 1166 298 1255 Neque
320 1166 419 1254 qudm
442 1163 616 1233 descendat
638 1163 724 1251 inde,
746 1164 801 1233 det
823 1166 999 1253 quoiqudm
1022 1186 1167 1232 manum:

182 1272 403 1361 Spectandum
424 1293 466 1339 nc
488 1273 659 1361 quoiquam
680 1265 813 1339 inulam
836 1271 891 1339 det
912 1274 1016 1359 neque
1037 1274 1145 1359 rogat:

180 1382 283 1450 'l'alds
305 1401 348 1447 ne
369 1380 545 1468 quoiquam
566 1378 730 1447 aumas
749 1378 870 1447 domiai
890 1377 956 1445 nisi
977 1378 1048 1446 toli.

134 1525 275 1613 inuento
304 1523 440 1612 propius
469 1522 511 1589 ad
538 1523 569 1589 ei
596 1522 684 1589 uocis
713 1520 963 1589 similitudinem
994 1518 1099 1587 rideri
1129 1522 1241 1606 potest

134 1633 297 1720 ryllabum
322 1631 409 1697 isaie
436 1630 599 1697 mere:
631 1628 688 1697 sed
710 1633 823 1697 tamen
844 1627 955 1715 fidem,
986 1625 1115 1714 siquid
1137 1626 1240 1713 rideo,

157 1739 227 1805 hoc
257 1737 386 1823 qnidam
413 1736 522 1805 habet.
566 1734 656 1803 Nam
682 1733 954 1823 quemadmodum
983 1734 1080 1801 isaeo
1107 1732 1178 1801 loce
1205 1737 1241 1801 et

134 1845 287 1913 nsimilcs
312 1843 437 1911 tornae
463 1842 543 1911 alibi
570 1865 591 1909 a
612 1841 759 1909 librariis
781 1841 988 1909 oblitteratae
1011 1844 1144 1909 snnt’et
1165 1862 1240 1909 cum

134 1952 226 2019 tatis
256 1949 338 2017 aare
357 1948 414 2016 too
434 1952 652 2036 permutatae,
683 1949 732 2017 its
753 1947 836 2015 milri
858 1947 987 2036 quidem
1010 1969 1145 2037 prorsus
1167 1968 1240 2035 per-

134 2080 227 2127 usum
251 2060 304 2123 est
319 2056 406 2123 teia
428 2076 558 2143 quoque
578 2076 646 2123 non
667 2053 780 2143 paucis
798 2055 881 2123 locis
899 2078 961 2142 pro
978 2055 1052 2123 laic
1066 2056 1240 2123 restituen-

134 2189 162 2233 n
194 2184 273 2231 sese
301 2162 354 2251 (ut
381 2186 414 2249 p.
436 2179 532 2230 clxx
564 2160 682 2251 [4121).
726 2160 800 2240 Qua
825 2161 932 2229 forma
957 2160 1103 2250 repodta
1130 2165 1241 2229 aetum

159 2272 208 2338 de
238 2269 293 2335 iris
319 2268 477 2355 exemplis
504 2291 525 2335 a
551 2266 759 2335 Fleckeiseno
786 2266 896 2335 allah's
922 2268 1042 2357 Amph.
1063 2268 1113 2355 11,
1135 2268 1166 2354 2,
1189 2268 1241 2335 70.

134 2382 180 2447 in.
204 2376 292 2463 prol.
316 2376 367 2442 10.
401 2373 520 2442 Baccln
542 2372 603 2459 111,
624 2374 657 2460 8,
679 2374 733 2443 80.
759 2372 937 2461 .1v,5‚4:

176 2504 298 2586 maiam
320 2522 358 2584 tu
381 2537 509 2604 quoque
531 2516 712 2583 essentaris
733 2512 853 2583 huice‘?
890 2514 976 2593 Quid
997 2515 1049 2581 uis
1072 2514 1168 2583 fieri?

178 2626 314 2693 Dicam:
338 2622 435 2690 huice
457 2646 575 2691 nomen
599 2625 713 2710 gradec
737 2622 886 2709 Onagost
907 2623 1046 2690 fibulae.

177 2733 272 2800 Mihi
295 2732 480 2817 discipulus,
503 2730 569 2797 tibi
593 2728 840 2815 sodalia,hu1‘ce
862 2732 959 2816 periit
981 2729 1085 2797 filius.

177 2841 272 2907 Nam
295 2841 362 2904 ndn
385 2838 536 2904 conducit
557 2835 651 2903 huioo
674 2836 914 2922 sucophintiae.

139 2984 280 3067 reliquis
305 2986 413 3047 autem
438 2981 556 3045 mieere
579 2981 620 3045 ab
638 2979 720 3064 ipaie
738 2980 881 3045 numeris
900 2980 1029 3047 laborat
1042 2980 1241 3047 Menaechm.

134 3090 172 3159 ol
195 3088 258 3154 40:

181 3231 342 3297 Immriiet
364 3250 483 3295 nomen
507 3228 586 3293 dnos
609 3201 685 3292 huic
709 3229 839 3313 gemino
862 3229 986 3295 alteri:-

134 3397 169 3440 m
193 3376 324 3460 praeter
345 3371 537 3437 delitescens
563 3371 686 3453 pontino
709 3369 816 3454 ipsum
839 3370 923 3449 troie,
956 3372 1083 3438 etiamsi
1106 3372 1242 3457 bisylla·

134 3504 173 3546 1m
197 3501 270 3545 esse
294 3477 499 3561 concedatur,
522 3482 691 3542 accentum
714 3477 749 3542 in
771 3478 887 3543 ultima
910 3470 1115 3545 habere'non
1136 3479 1242 3564 magis

134 3583 214 3671 dest,
237 3608 335 3671 quam
359 3607 516 3670 nmquam
540 3585 786 3669 pronuntiatum
810 3589 861 3649 est
878 3580 911 3648 ei
932 3581 1033 3669 (quod
1051 3586 1241 3651 sustulimus

134 3694 183 3759 in.
208 3712 277 3776 arg.
302 3689 393 3778 6*)).
439 3690 545 3768 Quare
569 3691 765 3756 confidenter
788 3691 1065 3774 transponendum

182 3835 345 3900 lmmdtat
366 3833 497 3919 gemino
520 3835 638 3899 odmen
661 3855 741 3898 auos
764 3832 840 3898 huic
863 3834 967 3899 elteri.

134 3978 264 4064 ecapt.
286 3974 319 4060 1,
340 3976 376 4059 2,
398 3975 441 4041 49
470 3973 621 4041 Bentleio
649 3974 889 4040 assentiendum
914 3974 1047 4040 ridetur.
1083 3974 1243 4043 Rudentis

134 4087 172 4152 nl.
186 4086 232 4150 39
259 4105 326 4148 non
349 4087 419 4149 erat
442 4082 534 4149 raldo
557 4082 737 4168 probabilis
760 4081 840 4147 haec
859 4080 1042 4148 emendatio
1068 4083 1243 4151 reicienda:

134 4244 313 4257 -—.—-....—-

197 4333 227 4402 ἦ
255 4330 304 4402 [ln
326 4328 370 4383 ed.
393 4328 444 4385 ale
470 4329 596 4400 reposuit
617 4328 787 4385 Bitschelius
810 4329 873 4385 coll.
899 4329 1026 4399 ‘praeter
1050 4328 1108 4384 alia
1131 4329 1244 4399 Epidioi

134 4441 196 4480 um.
216 4439 248 4477 v.
268 4417 324 4489 3)]
