<?xml version="1.0" encoding="UTF-8"?>
<!DOCTYPE html PUBLIC "-//W3C//DTD XHTML 1.0 Transitional//EN"
    "http://www.w3.org/TR/xhtml1/DTD/xhtml1-transitional.dtd">
<html xmlns="http://www.w3.org/1999/xhtml" xml:lang="en" lang="en">
 <head>
  <title>
</title>
<meta http-equiv="Content-Type" content="text/html;charset=utf-8" />
  <meta name='ocr-system' content='tesseract 3.04.00' />
  <meta name='ocr-capabilities' content='ocr_page ocr_carea ocr_par ocr_line ocrx_word'/>
</head>
<body>
  <div class='ocr_page' id='page_1' title='image "./fridericiritsch00ritsgoog_0335.png"; bbox 0 0 2836 5034; ppageno 0'>
   <div class='ocr_carea' id='block_1_1' title="bbox 415 312 1241 379">
    <p class='ocr_par' dir='ltr' id='par_1_1' title="bbox 415 312 1241 379">
     <span class='ocr_line' id='line_1_1' title="bbox 415 312 1241 379; baseline 0.002 -4"><span class='ocrx_word' id='word_1_1' title='bbox 415 328 682 377; x_wconf 75' lang='lat' dir='ltr'><strong>sunnnsrronrs</strong></span> <span class='ocrx_word' id='word_1_2' title='bbox 705 328 913 379; x_wconf 77' lang='lat' dir='ltr'><strong>easvrrnsn.</strong></span> <span class='ocrx_word' id='word_1_3' title='bbox 1174 312 1241 377; x_wconf 80' lang='lat'><strong>313</strong></span> 
     </span>
    </p>
   </div>
   <div class='ocr_carea' id='block_1_2' title="bbox 138 468 1245 1518">
    <p class='ocr_par' dir='ltr' id='par_1_2' title="bbox 138 468 1245 1518">
     <span class='ocr_line' id='line_1_2' title="bbox 139 468 1243 561; baseline -0.004 -20"><span class='ocrx_word' id='word_1_4' title='bbox 139 472 337 561; x_wconf 76' lang='lat' dir='ltr'><strong>lnrmpienee</strong></span> <span class='ocrx_word' id='word_1_5' title='bbox 354 471 434 539; x_wconf 89' lang='lat' dir='ltr'><strong>anni</strong></span> <span class='ocrx_word' id='word_1_6' title='bbox 452 488 640 556; x_wconf 75' lang='lat' dir='ltr'><strong>cromnxvr,</strong></span> <span class='ocrx_word' id='word_1_7' title='bbox 663 468 750 555; x_wconf 89' lang='lat' dir='ltr'><strong>quod</strong></span> <span class='ocrx_word' id='word_1_8' title='bbox 768 472 934 559; x_wconf 76' lang='lat' dir='ltr'><strong>signatum</strong></span> <span class='ocrx_word' id='word_1_9' title='bbox 952 477 1004 537; x_wconf 84' lang='lat' dir='ltr'><strong>est</strong></span> <span class='ocrx_word' id='word_1_10' title='bbox 1016 472 1114 538; x_wconf 86' lang='lat' dir='ltr'><strong><em>XXI.</em></strong></span> <span class='ocrx_word' id='word_1_11' title='bbox 1127 472 1243 539; x_wconf 80' lang='lat' dir='ltr'><strong>Barna</strong></span> 
     </span>
     <span class='ocr_line' id='line_1_3' title="bbox 138 576 1243 663; baseline -0.003 -15"><span class='ocrx_word' id='word_1_12' title='bbox 138 582 167 648; x_wconf 82' lang='lat' dir='ltr'><strong>n.</strong></span> <span class='ocrx_word' id='word_1_13' title='bbox 179 586 212 647; x_wconf 83' lang='lat'><strong>2:</strong></span> <span class='ocrx_word' id='word_1_14' title='bbox 232 576 383 646; x_wconf 73' lang='lat' dir='ltr'><strong>Sslmnrii</strong></span> <span class='ocrx_word' id='word_1_15' title='bbox 411 577 670 662; x_wconf 69' lang='lat' dir='ltr'><strong>emendationes,</strong></span> <span class='ocrx_word' id='word_1_16' title='bbox 697 600 834 663; x_wconf 88' lang='lat' dir='ltr'><strong>quarum</strong></span> <span class='ocrx_word' id='word_1_17' title='bbox 862 600 939 663; x_wconf 86' lang='lat' dir='ltr'><strong>pars</strong></span> <span class='ocrx_word' id='word_1_18' title='bbox 967 579 1033 647; x_wconf 82' lang='lat' dir='ltr'><strong>iem</strong></span> <span class='ocrx_word' id='word_1_19' title='bbox 1059 600 1081 645; x_wconf 86' lang='lat' dir='ltr'><strong>a</strong></span> <span class='ocrx_word' id='word_1_20' title='bbox 1108 576 1243 645; x_wconf 79' lang='lat' dir='ltr'><strong>Batavis</strong></span> 
     </span>
     <span class='ocr_line' id='line_1_4' title="bbox 139 682 1244 771; baseline -0.001 -17"><span class='ocrx_word' id='word_1_21' title='bbox 139 686 274 755; x_wconf 78' lang='lat' dir='ltr'><strong>olitonbns</strong></span> <span class='ocrx_word' id='word_1_22' title='bbox 300 684 492 752; x_wconf 78' lang='lat' dir='ltr'><strong>Borbornio</strong></span> <span class='ocrx_word' id='word_1_23' title='bbox 515 690 550 751; x_wconf 90' lang='lat' dir='ltr'><strong>et</strong></span> <span class='ocrx_word' id='word_1_24' title='bbox 571 682 738 751; x_wconf 86' lang='lat' dir='ltr'><strong>Gronovio</strong></span> <span class='ocrx_word' id='word_1_25' title='bbox 765 690 1019 753; x_wconf 82' lang='lat' dir='ltr'><strong>commemorata</strong></span> <span class='ocrx_word' id='word_1_26' title='bbox 1045 690 1109 771; x_wconf 87' lang='lat' dir='ltr'><strong>eat,</strong></span> <span class='ocrx_word' id='word_1_27' title='bbox 1136 683 1244 753; x_wconf 77' lang='lat' dir='ltr'><strong>&#39;l&#39;aub-</strong></span> 
     </span>
     <span class='ocr_line' id='line_1_5' title="bbox 139 790 1244 880; baseline -0.001 -19"><span class='ocrx_word' id='word_1_28' title='bbox 139 794 248 861; x_wconf 79' lang='lat' dir='ltr'><strong>rrmire</strong></span> <span class='ocrx_word' id='word_1_29' title='bbox 263 793 388 880; x_wconf 86' lang='lat' dir='ltr'><strong>primae</strong></span> <span class='ocrx_word' id='word_1_30' title='bbox 410 793 594 878; x_wconf 83' lang='lat' dir='ltr'><strong>exemplum</strong></span> <span class='ocrx_word' id='word_1_31' title='bbox 608 792 687 859; x_wconf 80' lang='lat' dir='ltr'><strong>XX.</strong></span> <span class='ocrx_word' id='word_1_32' title='bbox 703 792 746 859; x_wconf 91' lang='lat' dir='ltr'><strong>B.</strong></span> <span class='ocrx_word' id='word_1_33' title='bbox 761 814 787 858; x_wconf 88' lang='lat' dir='ltr'><strong>o.</strong></span> <span class='ocrx_word' id='word_1_34' title='bbox 805 798 879 860; x_wconf 72' lang='lat'><strong><em>174.</em></strong></span> <span class='ocrx_word' id='word_1_35' title='bbox 902 790 1112 880; x_wconf 80' lang='lat' dir='ltr'><strong>Scaligerana</strong></span> <span class='ocrx_word' id='word_1_36' title='bbox 1133 796 1244 860; x_wconf 85' lang='lat' dir='ltr'><strong>autem</strong></span> 
     </span>
     <span class='ocr_line' id='line_1_6' title="bbox 141 898 1243 989; baseline -0.001 -22"><span class='ocrx_word' id='word_1_37' title='bbox 141 905 294 989; x_wconf 77' lang='lat' dir='ltr'><strong>equattnor</strong></span> <span class='ocrx_word' id='word_1_38' title='bbox 314 899 462 967; x_wconf 79' lang='lat' dir='ltr'><strong>lontibus</strong></span> <span class='ocrx_word' id='word_1_39' title='bbox 484 898 579 985; x_wconf 85' lang='lat' dir='ltr'><strong>petii:</strong></span> <span class='ocrx_word' id='word_1_40' title='bbox 601 899 834 985; x_wconf 73' lang='lat' dir='ltr'><strong>praestiterunt</strong></span> <span class='ocrx_word' id='word_1_41' title='bbox 855 900 944 966; x_wconf 88' lang='lat' dir='ltr'><strong>enim</strong></span> <span class='ocrx_word' id='word_1_42' title='bbox 962 899 1160 986; x_wconf 84' lang='lat' dir='ltr'><strong>caprimum</strong></span> <span class='ocrx_word' id='word_1_43' title='bbox 1178 898 1243 967; x_wconf 89' lang='lat' dir='ltr'><strong>dno</strong></span> 
     </span>
     <span class='ocr_line' id='line_1_7' title="bbox 139 1004 1244 1094; baseline -0.002 -19"><span class='ocrx_word' id='word_1_44' title='bbox 139 1008 176 1075; x_wconf 85' lang='lat' dir='ltr'><strong>ib</strong></span> <span class='ocrx_word' id='word_1_45' title='bbox 189 1006 336 1094; x_wconf 82' lang='lat' dir='ltr'><strong>exempla,</strong></span> <span class='ocrx_word' id='word_1_46' title='bbox 358 1027 497 1093; x_wconf 85' lang='lat' dir='ltr'><strong>quorum</strong></span> <span class='ocrx_word' id='word_1_47' title='bbox 520 1006 555 1071; x_wconf 90' lang='lat' dir='ltr'><strong>in</strong></span> <span class='ocrx_word' id='word_1_48' title='bbox 578 1004 729 1093; x_wconf 75' lang='lat' dir='ltr'><strong>Parergis</strong></span> <span class='ocrx_word' id='word_1_49' title='bbox 752 1028 783 1090; x_wconf 89' lang='lat' dir='ltr'><strong>p.</strong></span> <span class='ocrx_word' id='word_1_50' title='bbox 805 1006 929 1093; x_wconf 78' lang='lat' dir='ltr'><strong>blbsq.</strong></span> <span class='ocrx_word' id='word_1_51' title='bbox 952 1006 1150 1073; x_wconf 85' lang='lat' dir='ltr'><strong>mentionem</strong></span> <span class='ocrx_word' id='word_1_52' title='bbox 1171 1006 1244 1089; x_wconf 85' lang='lat' dir='ltr'><strong>feci,</strong></span> 
     </span>
     <span class='ocr_line' id='line_1_8' title="bbox 140 1111 1244 1199; baseline -0.001 -17"><span class='ocrx_word' id='word_1_53' title='bbox 140 1114 237 1182; x_wconf 74' lang='lat' dir='ltr'><strong>ultrum</strong></span> <span class='ocrx_word' id='word_1_54' title='bbox 264 1115 346 1181; x_wconf 85' lang='lat' dir='ltr'><strong>ilem</strong></span> <span class='ocrx_word' id='word_1_55' title='bbox 378 1113 615 1199; x_wconf 78' lang='lat' dir='ltr'><strong>Antverpiense</strong></span> <span class='ocrx_word' id='word_1_56' title='bbox 647 1112 791 1178; x_wconf 88' lang='lat' dir='ltr'><strong>eiusdem</strong></span> <span class='ocrx_word' id='word_1_57' title='bbox 820 1112 911 1198; x_wconf 81' lang='lat' dir='ltr'><strong>anni,</strong></span> <span class='ocrx_word' id='word_1_58' title='bbox 945 1111 1111 1199; x_wconf 77' lang='lat' dir='ltr'><strong>signatum</strong></span> <span class='ocrx_word' id='word_1_59' title='bbox 1137 1112 1244 1181; x_wconf 87' lang='lat' dir='ltr'><strong><em>XIII.</em></strong></span> 
     </span>
     <span class='ocr_line' id='line_1_9' title="bbox 141 1216 1244 1307; baseline 0 -20"><span class='ocrx_word' id='word_1_60' title='bbox 141 1218 239 1307; x_wconf 65' lang='lat' dir='ltr'><strong>Ilm,</strong></span> <span class='ocrx_word' id='word_1_61' title='bbox 258 1221 401 1288; x_wconf 82' lang='lat' dir='ltr'><strong>alterum</strong></span> <span class='ocrx_word' id='word_1_62' title='bbox 423 1218 612 1287; x_wconf 82' lang='lat' dir='ltr'><strong>Basileense</strong></span> <span class='ocrx_word' id='word_1_63' title='bbox 635 1241 673 1285; x_wconf 82' lang='lat' dir='ltr'><strong>er</strong></span> <span class='ocrx_word' id='word_1_64' title='bbox 696 1217 839 1286; x_wconf 75' lang='lat' dir='ltr'>editione</span> <span class='ocrx_word' id='word_1_65' title='bbox 861 1216 1040 1285; x_wconf 81' lang='lat' dir='ltr'><strong>Camerarii</strong></span> <span class='ocrx_word' id='word_1_66' title='bbox 1057 1242 1078 1287; x_wconf 82' lang='lat' dir='ltr'><strong>c</strong></span> <span class='ocrx_word' id='word_1_67' title='bbox 1095 1218 1244 1287; x_wconf 77' lang='lat' dir='ltr'><strong>Fabricio</strong></span> 
     </span>
     <span class='ocr_line' id='line_1_10' title="bbox 142 1324 1242 1413; baseline -0.002 -18"><span class='ocrx_word' id='word_1_68' title='bbox 142 1324 230 1413; x_wconf 60' lang='lat' dir='ltr'><strong>hale,</strong></span> <span class='ocrx_word' id='word_1_69' title='bbox 255 1332 370 1395; x_wconf 74' lang='lat' dir='ltr'><strong>notam</strong></span> <span class='ocrx_word' id='word_1_70' title='bbox 396 1326 522 1394; x_wconf 85' lang='lat' dir='ltr'><strong>babens</strong></span> <span class='ocrx_word' id='word_1_71' title='bbox 548 1326 655 1392; x_wconf 85' lang='lat' dir='ltr'><strong><em>XIII.</em></strong></span> <span class='ocrx_word' id='word_1_72' title='bbox 679 1326 715 1391; x_wconf 86' lang='lat'><strong>0.</strong></span> <span class='ocrx_word' id='word_1_73' title='bbox 741 1329 828 1391; x_wconf 72' lang='lat'><strong><em>244.-</em></strong></span> <span class='ocrx_word' id='word_1_74' title='bbox 854 1326 992 1393; x_wconf 87' lang='lat' dir='ltr'><strong>accessit</strong></span> <span class='ocrx_word' id='word_1_75' title='bbox 1018 1324 1177 1393; x_wconf 83' lang='lat' dir='ltr'><strong>Leidense</strong></span> <span class='ocrx_word' id='word_1_76' title='bbox 1203 1348 1242 1393; x_wconf 86' lang='lat' dir='ltr'><strong>er</strong></span> 
     </span>
     <span class='ocr_line' id='line_1_11' title="bbox 144 1430 1245 1518; baseline -0.001 -16"><span class='ocrx_word' id='word_1_77' title='bbox 144 1435 281 1502; x_wconf 75' lang='lat' dir='ltr'><strong>nacione</strong></span> <span class='ocrx_word' id='word_1_78' title='bbox 299 1433 444 1501; x_wconf 71' lang='lat' dir='ltr'><strong>Donnes</strong></span> <span class='ocrx_word' id='word_1_79' title='bbox 460 1433 538 1501; x_wconf 71' lang='lat' dir='ltr'><strong>enni</strong></span> <span class='ocrx_word' id='word_1_80' title='bbox 556 1450 797 1517; x_wconf 77' lang='lat' dir='ltr'><strong>cmrouxrrx,</strong></span> <span class='ocrx_word' id='word_1_81' title='bbox 818 1431 898 1501; x_wconf 88' lang='lat' dir='ltr'><strong>olim</strong></span> <span class='ocrx_word' id='word_1_82' title='bbox 916 1432 1053 1499; x_wconf 77' lang='lat' dir='ltr'><strong>Adriani</strong></span> <span class='ocrx_word' id='word_1_83' title='bbox 1070 1430 1245 1518; x_wconf 70' lang='lat' dir='ltr'><strong>Inimici,</strong></span> 
     </span>
    </p>
   </div>
   <div class='ocr_carea' id='block_1_3' title="bbox 134 1536 1284 1949">
    <p class='ocr_par' dir='ltr' id='par_1_3' title="bbox 134 1536 1284 1949">
     <span class='ocr_line' id='line_1_12' title="bbox 140 1536 1244 1627; baseline -0.005 -16"><span class='ocrx_word' id='word_1_84' title='bbox 140 1562 192 1611; x_wconf 72' lang='lat' dir='ltr'><strong>nc</strong></span> <span class='ocrx_word' id='word_1_85' title='bbox 210 1543 315 1610; x_wconf 81' lang='lat' dir='ltr'><strong><em>XIII.</em></strong></span> <span class='ocrx_word' id='word_1_86' title='bbox 336 1540 380 1609; x_wconf 91' lang='lat' dir='ltr'><strong>D.</strong></span> <span class='ocrx_word' id='word_1_87' title='bbox 402 1546 477 1626; x_wconf 80' lang='lat'><strong>203,</strong></span> <span class='ocrx_word' id='word_1_88' title='bbox 503 1562 577 1607; x_wconf 84' lang='lat' dir='ltr'><strong>cnm</strong></span> <span class='ocrx_word' id='word_1_89' title='bbox 605 1539 743 1607; x_wconf 84' lang='lat' dir='ltr'><strong>eliorum</strong></span> <span class='ocrx_word' id='word_1_90' title='bbox 771 1542 808 1606; x_wconf 86' lang='lat' dir='ltr'><strong>ut</strong></span> <span class='ocrx_word' id='word_1_91' title='bbox 834 1538 961 1606; x_wconf 81' lang='lat' dir='ltr'><strong>videtur</strong></span> <span class='ocrx_word' id='word_1_92' title='bbox 986 1544 1057 1607; x_wconf 89' lang='lat' dir='ltr'><strong>tum</strong></span> <span class='ocrx_word' id='word_1_93' title='bbox 1086 1536 1244 1627; x_wconf 75' lang='lat' dir='ltr'><strong>Scaligeri</strong></span> 
     </span>
     <span class='ocr_line' id='line_1_13' title="bbox 137 1645 1244 1735; baseline -0.004 -15"><span class='ocrx_word' id='word_1_94' title='bbox 137 1653 327 1735; x_wconf 65' lang='lat' dir='ltr'><strong>medones,</strong></span> <span class='ocrx_word' id='word_1_95' title='bbox 353 1648 410 1715; x_wconf 87' lang='lat' dir='ltr'><strong>sed</strong></span> <span class='ocrx_word' id='word_1_96' title='bbox 437 1670 493 1714; x_wconf 89' lang='lat' dir='ltr'><strong>eas</strong></span> <span class='ocrx_word' id='word_1_97' title='bbox 522 1668 657 1733; x_wconf 82' lang='lat' dir='ltr'><strong>paucas,</strong></span> <span class='ocrx_word' id='word_1_98' title='bbox 684 1646 844 1733; x_wconf 72' lang='lat' dir='ltr'><strong>ascriptae</strong></span> <span class='ocrx_word' id='word_1_99' title='bbox 871 1645 1004 1714; x_wconf 83' lang='lat' dir='ltr'><strong>babens.</strong></span> <span class='ocrx_word' id='word_1_100' title='bbox 1049 1646 1111 1714; x_wconf 83' lang='lat' dir='ltr'><strong>His</strong></span> <span class='ocrx_word' id='word_1_101' title='bbox 1134 1655 1244 1716; x_wconf 81' lang='lat' dir='ltr'><strong>aulem</strong></span> 
     </span>
     <span class='ocr_line' id='line_1_14' title="bbox 134 1736 1244 1845; baseline -0.002 -22"><span class='ocrx_word' id='word_1_102' title='bbox 134 1736 207 1843; x_wconf 57' lang='lat' dir='ltr'><strong>neg</strong></span> <span class='ocrx_word' id='word_1_103' title='bbox 229 1780 312 1845; x_wconf 72' lang='lat' dir='ltr'><strong>quos</strong></span> <span class='ocrx_word' id='word_1_104' title='bbox 335 1778 410 1822; x_wconf 70' lang='lat' dir='ltr'><strong>m</strong></span> <span class='ocrx_word' id='word_1_105' title='bbox 431 1754 628 1821; x_wconf 68' lang='lat' dir='ltr'><strong>narniae</strong></span> <span class='ocrx_word' id='word_1_106' title='bbox 651 1754 824 1821; x_wconf 60' lang='lat' dir='ltr'><strong>erassem</strong></span> <span class='ocrx_word' id='word_1_107' title='bbox 852 1752 1060 1841; x_wconf 63' lang='lat' dir='ltr'><strong>suadesque</strong></span> <span class='ocrx_word' id='word_1_108' title='bbox 1082 1755 1244 1822; x_wconf 58' lang='lat' dir='ltr'><strong>usnimi</strong></span> 
     </span>
     <span class='ocr_line' id='line_1_15' title="bbox 134 1854 1284 1949; baseline -0.004 -17"><span class='ocrx_word' id='word_1_109' title='bbox 134 1854 220 1931; x_wconf 71' lang='lat' dir='ltr'><strong>boon</strong></span> <span class='ocrx_word' id='word_1_110' title='bbox 239 1862 363 1931; x_wconf 74' lang='lat' dir='ltr'><strong>(innan</strong></span> <span class='ocrx_word' id='word_1_111' title='bbox 387 1862 508 1948; x_wconf 84' lang='lat' dir='ltr'><strong>partim</strong></span> <span class='ocrx_word' id='word_1_112' title='bbox 530 1860 618 1939; x_wconf 88' lang='lat' dir='ltr'><strong>domi</strong></span> <span class='ocrx_word' id='word_1_113' title='bbox 640 1861 793 1941; x_wconf 71' lang='lat' dir='ltr'><strong>tractui,</strong></span> <span class='ocrx_word' id='word_1_114' title='bbox 815 1861 935 1947; x_wconf 78' lang='lat' dir='ltr'><strong>partim</strong></span> <span class='ocrx_word' id='word_1_115' title='bbox 957 1860 1076 1929; x_wconf 79' lang='lat' dir='ltr'><strong>leidae</strong></span> <span class='ocrx_word' id='word_1_116' title='bbox 1099 1861 1151 1930; x_wconf 82' lang='lat' dir='ltr'><strong>rel</strong></span> <span class='ocrx_word' id='word_1_117' title='bbox 1173 1862 1245 1949; x_wconf 85' lang='lat' dir='ltr'><strong>ipae</strong></span> <span class='ocrx_word' id='word_1_118' title='bbox 1278 1904 1284 1915; x_wconf 87' lang='lat'><strong>·</strong></span> 
     </span>
    </p>
   </div>
   <div class='ocr_carea' id='block_1_4' title="bbox 134 1966 1297 4517">
    <p class='ocr_par' dir='ltr' id='par_1_4' title="bbox 134 1966 1245 2806">
     <span class='ocr_line' id='line_1_16' title="bbox 134 1966 1244 2057; baseline -0.001 -19"><span class='ocrx_word' id='word_1_119' title='bbox 134 1972 242 2057; x_wconf 70' lang='lat' dir='ltr'><strong>respui</strong></span> <span class='ocrx_word' id='word_1_120' title='bbox 268 1971 322 2038; x_wconf 85' lang='lat' dir='ltr'><strong>vel</strong></span> <span class='ocrx_word' id='word_1_121' title='bbox 349 1969 455 2037; x_wconf 82' lang='lat' dir='ltr'><strong>amice</strong></span> <span class='ocrx_word' id='word_1_122' title='bbox 481 1990 560 2035; x_wconf 83' lang='lat' dir='ltr'><strong>cura</strong></span> <span class='ocrx_word' id='word_1_123' title='bbox 590 1967 678 2035; x_wconf 85' lang='lat' dir='ltr'><strong>docti</strong></span> <span class='ocrx_word' id='word_1_124' title='bbox 704 1967 831 2036; x_wconf 81' lang='lat' dir='ltr'><strong>iuvenis</strong></span> <span class='ocrx_word' id='word_1_125' title='bbox 858 1966 1000 2057; x_wconf 67' lang='lat' dir='ltr'><strong>eugenii</strong></span> <span class='ocrx_word' id='word_1_126' title='bbox 1026 1967 1166 2036; x_wconf 84' lang='lat' dir='ltr'><strong>blehleri</strong></span> <span class='ocrx_word' id='word_1_127' title='bbox 1193 1990 1244 2037; x_wconf 83' lang='lat' dir='ltr'><strong>ex·</strong></span> 
     </span>
     <span class='ocr_line' id='line_1_17' title="bbox 134 2072 1244 2165; baseline -0.003 -19"><span class='ocrx_word' id='word_1_128' title='bbox 134 2082 227 2164; x_wconf 71' lang='lat' dir='ltr'><strong>untes</strong></span> <span class='ocrx_word' id='word_1_129' title='bbox 244 2077 364 2164; x_wconf 78' lang='lat' dir='ltr'><strong>accepi,</strong></span> <span class='ocrx_word' id='word_1_130' title='bbox 386 2076 542 2165; x_wconf 78' lang='lat' dir='ltr'><strong>largiores</strong></span> <span class='ocrx_word' id='word_1_131' title='bbox 560 2075 659 2143; x_wconf 85' lang='lat' dir='ltr'><strong>etism</strong></span> <span class='ocrx_word' id='word_1_132' title='bbox 678 2076 790 2161; x_wconf 82' lang='lat' dir='ltr'><strong>copiae</strong></span> <span class='ocrx_word' id='word_1_133' title='bbox 808 2072 1044 2163; x_wconf 76' lang='lat' dir='ltr'><strong>Scaligeranas,</strong></span> <span class='ocrx_word' id='word_1_134' title='bbox 1061 2074 1244 2163; x_wconf 76' lang='lat' dir='ltr'><strong>exegeticas</strong></span> 
     </span>
     <span class='ocr_line' id='line_1_18' title="bbox 134 2181 1244 2270; baseline -0.002 -17"><span class='ocrx_word' id='word_1_135' title='bbox 134 2184 229 2253; x_wconf 80' lang='lat' dir='ltr'><strong>cidem</strong></span> <span class='ocrx_word' id='word_1_136' title='bbox 251 2186 286 2251; x_wconf 91' lang='lat' dir='ltr'><strong>in</strong></span> <span class='ocrx_word' id='word_1_137' title='bbox 309 2205 423 2251; x_wconf 88' lang='lat' dir='ltr'><strong>omnes</strong></span> <span class='ocrx_word' id='word_1_138' title='bbox 444 2182 643 2269; x_wconf 74' lang='lat' dir='ltr'><strong>comoedias,</strong></span> <span class='ocrx_word' id='word_1_139' title='bbox 668 2182 800 2249; x_wconf 82' lang='lat' dir='ltr'><strong>criticas</strong></span> <span class='ocrx_word' id='word_1_140' title='bbox 822 2182 859 2249; x_wconf 85' lang='lat' dir='ltr'><strong>in</strong></span> <span class='ocrx_word' id='word_1_141' title='bbox 881 2181 1069 2270; x_wconf 83' lang='lat' dir='ltr'><strong>plerasque,</strong></span> <span class='ocrx_word' id='word_1_142' title='bbox 1095 2182 1244 2251; x_wconf 77' lang='lat' dir='ltr'><strong>novicius</strong></span> 
     </span>
     <span class='ocr_line' id='line_1_19' title="bbox 134 2288 1245 2377; baseline -0.003 -16"><span class='ocrx_word' id='word_1_143' title='bbox 134 2292 197 2361; x_wconf 79' lang='lat' dir='ltr'><strong>dex</strong></span> <span class='ocrx_word' id='word_1_144' title='bbox 224 2314 287 2360; x_wconf 89' lang='lat' dir='ltr'><strong>ms.</strong></span> <span class='ocrx_word' id='word_1_145' title='bbox 314 2290 403 2359; x_wconf 72' lang='lat' dir='ltr'><strong>aleb</strong></span> <span class='ocrx_word' id='word_1_146' title='bbox 434 2289 665 2377; x_wconf 71' lang='lat' dir='ltr'><strong>bybliothecae</strong></span> <span class='ocrx_word' id='word_1_147' title='bbox 692 2288 816 2377; x_wconf 73' lang='lat' dir='ltr'><strong>Regiae</strong></span> <span class='ocrx_word' id='word_1_148' title='bbox 837 2289 1004 2376; x_wconf 84' lang='lat' dir='ltr'><strong>praebuit,</strong></span> <span class='ocrx_word' id='word_1_149' title='bbox 1035 2290 1127 2357; x_wconf 87' lang='lat' dir='ltr'><strong>cuins</strong></span> <span class='ocrx_word' id='word_1_150' title='bbox 1158 2313 1245 2359; x_wconf 85' lang='lat' dir='ltr'><strong>nnnc</strong></span> 
     </span>
     <span class='ocr_line' id='line_1_20' title="bbox 134 2396 1244 2487; baseline -0.002 -20"><span class='ocrx_word' id='word_1_151' title='bbox 134 2402 284 2487; x_wconf 85' lang='lat' dir='ltr'><strong>:emplum</strong></span> <span class='ocrx_word' id='word_1_152' title='bbox 302 2418 481 2485; x_wconf 77' lang='lat' dir='ltr'><strong>propensae</strong></span> <span class='ocrx_word' id='word_1_153' title='bbox 493 2397 530 2464; x_wconf 86' lang='lat' dir='ltr'><strong>in</strong></span> <span class='ocrx_word' id='word_1_154' title='bbox 543 2418 596 2463; x_wconf 89' lang='lat' dir='ltr'><strong>me</strong></span> <span class='ocrx_word' id='word_1_155' title='bbox 608 2396 769 2464; x_wconf 77' lang='lat' dir='ltr'><strong>voluntati</strong></span> <span class='ocrx_word' id='word_1_156' title='bbox 783 2396 947 2464; x_wconf 77' lang='lat' dir='ltr'><strong>Theodori</strong></span> <span class='ocrx_word' id='word_1_157' title='bbox 960 2396 1115 2464; x_wconf 70' lang='lat' dir='ltr'><strong>heraclii</strong></span> <span class='ocrx_word' id='word_1_158' title='bbox 1132 2397 1244 2475; x_wconf 75' lang='lat' dir='ltr'><strong>debeo.</strong></span> 
     </span>
     <span class='ocr_line' id='line_1_21' title="bbox 134 2503 1244 2594; baseline -0.005 -19"><span class='ocrx_word' id='word_1_159' title='bbox 134 2530 303 2594; x_wconf 76' lang='lat' dir='ltr'><strong>remquam</strong></span> <span class='ocrx_word' id='word_1_160' title='bbox 332 2504 371 2571; x_wconf 89' lang='lat' dir='ltr'><strong>de</strong></span> <span class='ocrx_word' id='word_1_161' title='bbox 394 2503 550 2591; x_wconf 79' lang='lat' dir='ltr'><strong>Scaligeri</strong></span> <span class='ocrx_word' id='word_1_162' title='bbox 575 2504 741 2570; x_wconf 85' lang='lat' dir='ltr'><strong>subitariis</strong></span> <span class='ocrx_word' id='word_1_163' title='bbox 768 2504 855 2570; x_wconf 87' lang='lat' dir='ltr'><strong>curis</strong></span> <span class='ocrx_word' id='word_1_164' title='bbox 881 2504 951 2571; x_wconf 90' lang='lat' dir='ltr'><strong>noli</strong></span> <span class='ocrx_word' id='word_1_165' title='bbox 979 2508 1167 2589; x_wconf 78' lang='lat' dir='ltr'><strong>exspectare</strong></span> <span class='ocrx_word' id='word_1_166' title='bbox 1196 2505 1244 2570; x_wconf 91' lang='lat' dir='ltr'><strong>ni·</strong></span> 
     </span>
     <span class='ocr_line' id='line_1_22' title="bbox 134 2612 1242 2700; baseline -0.003 -20"><span class='ocrx_word' id='word_1_167' title='bbox 134 2640 209 2682; x_wconf 87' lang='lat' dir='ltr'><strong>nm:</strong></span> <span class='ocrx_word' id='word_1_168' title='bbox 230 2637 327 2700; x_wconf 82' lang='lat' dir='ltr'><strong>quern</strong></span> <span class='ocrx_word' id='word_1_169' title='bbox 348 2613 478 2678; x_wconf 84' lang='lat' dir='ltr'><strong>honoris</strong></span> <span class='ocrx_word' id='word_1_170' title='bbox 497 2635 612 2678; x_wconf 84' lang='lat' dir='ltr'><strong>caussa</strong></span> <span class='ocrx_word' id='word_1_171' title='bbox 629 2614 794 2697; x_wconf 80' lang='lat' dir='ltr'><strong>aliquanto</strong></span> <span class='ocrx_word' id='word_1_172' title='bbox 810 2613 938 2695; x_wconf 83' lang='lat' dir='ltr'><strong>saepius</strong></span> <span class='ocrx_word' id='word_1_173' title='bbox 954 2612 1127 2696; x_wconf 87' lang='lat' dir='ltr'><strong>nominavi,</strong></span> <span class='ocrx_word' id='word_1_174' title='bbox 1147 2637 1242 2697; x_wconf 67' lang='lat' dir='ltr'><strong>(liram</strong></span> 
     </span>
     <span class='ocr_line' id='line_1_23' title="bbox 134 2719 726 2806; baseline -0.014 -15"><span class='ocrx_word' id='word_1_175' title='bbox 134 2747 220 2790; x_wconf 81' lang='lat' dir='ltr'><strong>rrum</strong></span> <span class='ocrx_word' id='word_1_176' title='bbox 252 2721 397 2806; x_wconf 81' lang='lat' dir='ltr'><strong>ingenita</strong></span> <span class='ocrx_word' id='word_1_177' title='bbox 420 2721 544 2786; x_wconf 85' lang='lat' dir='ltr'><strong>indoles</strong></span> <span class='ocrx_word' id='word_1_178' title='bbox 568 2719 726 2805; x_wconf 80' lang='lat' dir='ltr'><strong>exigebat.</strong></span> 
     </span>
    </p>

    <p class='ocr_par' dir='ltr' id='par_1_5' title="bbox 134 2827 1297 4517">
     <span class='ocr_line' id='line_1_24' title="bbox 178 2827 1242 2905; baseline -0.004 -10"><span class='ocrx_word' id='word_1_179' title='bbox 178 2831 234 2896; x_wconf 82' lang='lat' dir='ltr'><strong>Ad</strong></span> <span class='ocrx_word' id='word_1_180' title='bbox 271 2827 409 2892; x_wconf 85' lang='lat' dir='ltr'><strong>editores</strong></span> <span class='ocrx_word' id='word_1_181' title='bbox 443 2833 479 2892; x_wconf 86' lang='lat' dir='ltr'><strong>ut</strong></span> <span class='ocrx_word' id='word_1_182' title='bbox 507 2827 650 2905; x_wconf 82' lang='lat' dir='ltr'><strong>redeam,</strong></span> <span class='ocrx_word' id='word_1_183' title='bbox 682 2827 729 2891; x_wconf 84' lang='lat' dir='ltr'><strong>uti</strong></span> <span class='ocrx_word' id='word_1_184' title='bbox 760 2832 834 2890; x_wconf 74' lang='lat' dir='ltr'><strong>ante</strong></span> <span class='ocrx_word' id='word_1_185' title='bbox 864 2827 994 2893; x_wconf 85' lang='lat' dir='ltr'><strong>criticos</strong></span> <span class='ocrx_word' id='word_1_186' title='bbox 1025 2828 1100 2893; x_wconf 80' lang='lat' dir='ltr'><strong>illos</strong></span> <span class='ocrx_word' id='word_1_187' title='bbox 1131 2850 1242 2893; x_wconf 86' lang='lat' dir='ltr'><strong>omnes</strong></span> 
     </span>
     <span class='ocr_line' id='line_1_25' title="bbox 134 2934 1297 3026; baseline -0.007 -20"><span class='ocrx_word' id='word_1_188' title='bbox 134 2937 249 3026; x_wconf 75' lang='lat' dir='ltr'><strong>&#39;anysii</strong></span> <span class='ocrx_word' id='word_1_189' title='bbox 268 2935 430 3016; x_wconf 74' lang='lat' dir='ltr'><strong>Lsnfflnr,</strong></span> <span class='ocrx_word' id='word_1_190' title='bbox 453 2935 500 2998; x_wconf 84' lang='lat' dir='ltr'><strong>ita</strong></span> <span class='ocrx_word' id='word_1_191' title='bbox 523 2937 597 3017; x_wconf 82' lang='lat' dir='ltr'><strong>post</strong></span> <span class='ocrx_word' id='word_1_192' title='bbox 620 2956 675 2999; x_wconf 81' lang='lat' dir='ltr'><strong>eos</strong></span> <span class='ocrx_word' id='word_1_193' title='bbox 699 2956 852 3018; x_wconf 82' lang='lat' dir='ltr'><strong>perquam</strong></span> <span class='ocrx_word' id='word_1_194' title='bbox 877 2935 1091 2999; x_wconf 83' lang='lat' dir='ltr'><strong>tumultuaria</strong></span> <span class='ocrx_word' id='word_1_195' title='bbox 1109 2934 1154 3000; x_wconf 89' lang='lat' dir='ltr'><strong>lo.</strong></span> <span class='ocrx_word' id='word_1_196' title='bbox 1174 2934 1241 2999; x_wconf 79' lang='lat' dir='ltr'><strong>Fri·</strong></span> <span class='ocrx_word' id='word_1_197' title='bbox 1257 2960 1297 2998; x_wconf 78' lang='lat' dir='ltr'><strong>nv</strong></span> 
     </span>
     <span class='ocr_line' id='line_1_26' title="bbox 134 3041 1242 3125; baseline -0.005 -13"><span class='ocrx_word' id='word_1_198' title='bbox 134 3046 187 3112; x_wconf 84' lang='lat' dir='ltr'><strong>ici</strong></span> <span class='ocrx_word' id='word_1_199' title='bbox 214 3043 395 3108; x_wconf 71' lang='lat' dir='ltr'><strong>Gronovu</strong></span> <span class='ocrx_word' id='word_1_200' title='bbox 419 3062 517 3124; x_wconf 86' lang='lat' dir='ltr'><strong>opera</strong></span> <span class='ocrx_word' id='word_1_201' title='bbox 539 3041 614 3119; x_wconf 83' lang='lat' dir='ltr'><strong>fuit,</strong></span> <span class='ocrx_word' id='word_1_202' title='bbox 643 3041 733 3105; x_wconf 81' lang='lat' dir='ltr'><strong>cuiue</strong></span> <span class='ocrx_word' id='word_1_203' title='bbox 756 3042 934 3125; x_wconf 74' lang='lat' dir='ltr'><strong>recognitio</strong></span> <span class='ocrx_word' id='word_1_204' title='bbox 962 3042 1104 3123; x_wconf 71' lang='lat' dir='ltr'><strong>orclqetoc</strong></span> <span class='ocrx_word' id='word_1_205' title='bbox 1126 3064 1242 3107; x_wconf 85' lang='lat' dir='ltr'><strong>nomen</strong></span> 
     </span>
     <span class='ocr_line' id='line_1_27' title="bbox 134 3149 1242 3234; baseline -0.003 -16"><span class='ocrx_word' id='word_1_206' title='bbox 134 3154 232 3218; x_wconf 76' lang='lat' dir='ltr'><strong>enit.</strong></span> <span class='ocrx_word' id='word_1_207' title='bbox 269 3149 318 3214; x_wconf 89' lang='lat' dir='ltr'><strong>De</strong></span> <span class='ocrx_word' id='word_1_208' title='bbox 339 3149 454 3234; x_wconf 87' lang='lat' dir='ltr'><strong>quibus</strong></span> <span class='ocrx_word' id='word_1_209' title='bbox 473 3171 529 3213; x_wconf 89' lang='lat' dir='ltr'><strong>cur</strong></span> <span class='ocrx_word' id='word_1_210' title='bbox 549 3149 598 3212; x_wconf 87' lang='lat' dir='ltr'><strong>ita</strong></span> <span class='ocrx_word' id='word_1_211' title='bbox 611 3149 813 3213; x_wconf 86' lang='lat' dir='ltr'><strong>sentiendum</strong></span> <span class='ocrx_word' id='word_1_212' title='bbox 829 3149 880 3230; x_wconf 81' lang='lat' dir='ltr'><strong>sit,</strong></span> <span class='ocrx_word' id='word_1_213' title='bbox 894 3149 974 3214; x_wconf 86' lang='lat' dir='ltr'><strong>satis</strong></span> <span class='ocrx_word' id='word_1_214' title='bbox 990 3149 1122 3233; x_wconf 84' lang='lat' dir='ltr'><strong>exposui</strong></span> <span class='ocrx_word' id='word_1_215' title='bbox 1140 3150 1160 3217; x_wconf 90' lang='lat' dir='ltr'><strong>l.</strong></span> <span class='ocrx_word' id='word_1_216' title='bbox 1175 3174 1198 3215; x_wconf 82' lang='lat' dir='ltr'><strong>s.</strong></span> <span class='ocrx_word' id='word_1_217' title='bbox 1218 3174 1242 3215; x_wconf 88' lang='lat' dir='ltr'><strong>s.</strong></span> 
     </span>
     <span class='ocr_line' id='line_1_28' title="bbox 134 3254 1242 3342; baseline -0.004 -15"><span class='ocrx_word' id='word_1_218' title='bbox 134 3261 205 3327; x_wconf 78' lang='lat'><strong>527</strong></span> <span class='ocrx_word' id='word_1_219' title='bbox 228 3260 286 3339; x_wconf 90' lang='lat'><strong>[=</strong></span> <span class='ocrx_word' id='word_1_220' title='bbox 298 3260 310 3320; x_wconf 97' lang='lat' dir='ltr'><strong>l</strong></span> <span class='ocrx_word' id='word_1_221' title='bbox 320 3258 372 3336; x_wconf 69' lang='lat'><strong>171</strong></span> <span class='ocrx_word' id='word_1_222' title='bbox 384 3278 451 3340; x_wconf 89' lang='lat' dir='ltr'><strong>sqq.</strong></span> <span class='ocrx_word' id='word_1_223' title='bbox 471 3256 535 3319; x_wconf 83' lang='lat'><strong>563</strong></span> <span class='ocrx_word' id='word_1_224' title='bbox 552 3257 692 3336; x_wconf 74' lang='lat'>[=155]</span> <span class='ocrx_word' id='word_1_225' title='bbox 704 3278 772 3340; x_wconf 85' lang='lat' dir='ltr'><strong>sqq.</strong></span> <span class='ocrx_word' id='word_1_226' title='bbox 796 3254 844 3319; x_wconf 83' lang='lat' dir='ltr'><strong>Er</strong></span> <span class='ocrx_word' id='word_1_227' title='bbox 860 3256 994 3341; x_wconf 87' lang='lat' dir='ltr'><strong>reliquis</strong></span> <span class='ocrx_word' id='word_1_228' title='bbox 1008 3256 1154 3321; x_wconf 85' lang='lat' dir='ltr'><strong>criticam</strong></span> <span class='ocrx_word' id='word_1_229' title='bbox 1169 3279 1242 3342; x_wconf 87' lang='lat' dir='ltr'><strong>ope·</strong></span> 
     </span>
     <span class='ocr_line' id='line_1_29' title="bbox 134 3361 1244 3446; baseline -0.003 -14"><span class='ocrx_word' id='word_1_230' title='bbox 134 3392 154 3432; x_wconf 90' lang='lat' dir='ltr'><strong>n</strong></span> <span class='ocrx_word' id='word_1_231' title='bbox 171 3366 302 3431; x_wconf 87' lang='lat' dir='ltr'><strong>Plauto</strong></span> <span class='ocrx_word' id='word_1_232' title='bbox 316 3383 451 3446; x_wconf 86' lang='lat' dir='ltr'><strong>eamque</strong></span> <span class='ocrx_word' id='word_1_233' title='bbox 469 3383 534 3427; x_wconf 93' lang='lat' dir='ltr'><strong>non</strong></span> <span class='ocrx_word' id='word_1_234' title='bbox 554 3383 617 3426; x_wconf 86' lang='lat' dir='ltr'><strong>una</strong></span> <span class='ocrx_word' id='word_1_235' title='bbox 640 3361 677 3426; x_wconf 89' lang='lat' dir='ltr'><strong>de</strong></span> <span class='ocrx_word' id='word_1_236' title='bbox 702 3384 816 3426; x_wconf 81' lang='lat' dir='ltr'><strong>caussa</strong></span> <span class='ocrx_word' id='word_1_237' title='bbox 838 3362 1080 3427; x_wconf 81' lang='lat' dir='ltr'><strong>memorabilem</strong></span> <span class='ocrx_word' id='word_1_238' title='bbox 1100 3362 1163 3427; x_wconf 88' lang='lat' dir='ltr'><strong>duo</strong></span> <span class='ocrx_word' id='word_1_239' title='bbox 1183 3365 1244 3429; x_wconf 79' lang='lat' dir='ltr'><strong>soli</strong></span> 
     </span>
     <span class='ocr_line' id='line_1_30' title="bbox 134 3467 1243 3556; baseline -0.005 -17"><span class='ocrx_word' id='word_1_240' title='bbox 134 3474 270 3556; x_wconf 76' lang='lat' dir='ltr'><strong>rerunt,</strong></span> <span class='ocrx_word' id='word_1_241' title='bbox 284 3467 473 3534; x_wconf 86' lang='lat' dir='ltr'><strong>Franciscus</strong></span> <span class='ocrx_word' id='word_1_242' title='bbox 497 3468 659 3533; x_wconf 75' lang='lat' dir='ltr'><strong>Gvrssrvs</strong></span> <span class='ocrx_word' id='word_1_243' title='bbox 684 3474 716 3533; x_wconf 84' lang='lat' dir='ltr'><strong>et</strong></span> <span class='ocrx_word' id='word_1_244' title='bbox 739 3468 773 3534; x_wconf 75' lang='lat' dir='ltr'><strong>F.</strong></span> <span class='ocrx_word' id='word_1_245' title='bbox 793 3468 833 3531; x_wconf 91' lang='lat' dir='ltr'><strong>H.</strong></span> <span class='ocrx_word' id='word_1_246' title='bbox 854 3468 1010 3535; x_wconf 71' lang='lat' dir='ltr'><strong>Bornos</strong></span> <span class='ocrx_word' id='word_1_247' title='bbox 1035 3473 1174 3552; x_wconf 86' lang='lat' dir='ltr'><strong>nostras,</strong></span> <span class='ocrx_word' id='word_1_248' title='bbox 1196 3472 1243 3535; x_wconf 90' lang='lat' dir='ltr'><strong>in-</strong></span> 
     </span>
     <span class='ocr_line' id='line_1_31' title="bbox 134 3574 1245 3662; baseline -0.003 -16"><span class='ocrx_word' id='word_1_249' title='bbox 134 3583 174 3646; x_wconf 84' lang='lat' dir='ltr'><strong>rii</strong></span> <span class='ocrx_word' id='word_1_250' title='bbox 200 3581 239 3641; x_wconf 88' lang='lat' dir='ltr'><strong>et</strong></span> <span class='ocrx_word' id='word_1_251' title='bbox 258 3598 318 3640; x_wconf 87' lang='lat' dir='ltr'><strong>usu</strong></span> <span class='ocrx_word' id='word_1_252' title='bbox 338 3580 370 3639; x_wconf 89' lang='lat' dir='ltr'><strong>et</strong></span> <span class='ocrx_word' id='word_1_253' title='bbox 384 3574 485 3640; x_wconf 87' lang='lat' dir='ltr'><strong>abusu</strong></span> <span class='ocrx_word' id='word_1_254' title='bbox 500 3575 629 3640; x_wconf 88' lang='lat' dir='ltr'><strong>similes.</strong></span> <span class='ocrx_word' id='word_1_255' title='bbox 668 3574 714 3639; x_wconf 90' lang='lat' dir='ltr'><strong>Dc</strong></span> <span class='ocrx_word' id='word_1_256' title='bbox 730 3576 846 3660; x_wconf 87' lang='lat' dir='ltr'><strong>quibus</strong></span> <span class='ocrx_word' id='word_1_257' title='bbox 861 3599 925 3640; x_wconf 89' lang='lat' dir='ltr'><strong>non</strong></span> <span class='ocrx_word' id='word_1_258' title='bbox 939 3575 1052 3642; x_wconf 88' lang='lat' dir='ltr'><strong>dubito</strong></span> <span class='ocrx_word' id='word_1_259' title='bbox 1067 3578 1145 3662; x_wconf 88' lang='lat' dir='ltr'><strong>quin</strong></span> <span class='ocrx_word' id='word_1_260' title='bbox 1164 3578 1245 3643; x_wconf 81' lang='lat' dir='ltr'><strong>satis</strong></span> 
     </span>
     <span class='ocr_line' id='line_1_32' title="bbox 134 3683 1245 3767; baseline -0.003 -14"><span class='ocrx_word' id='word_1_261' title='bbox 134 3686 278 3753; x_wconf 79' lang='lat' dir='ltr'><strong>noriiiee</strong></span> <span class='ocrx_word' id='word_1_262' title='bbox 302 3705 452 3748; x_wconf 86' lang='lat' dir='ltr'><strong>sensurus</strong></span> <span class='ocrx_word' id='word_1_263' title='bbox 475 3683 531 3765; x_wconf 83' lang='lat' dir='ltr'><strong>sit,</strong></span> <span class='ocrx_word' id='word_1_264' title='bbox 558 3683 613 3767; x_wconf 87' lang='lat' dir='ltr'><strong>qni</strong></span> <span class='ocrx_word' id='word_1_265' title='bbox 641 3705 678 3747; x_wconf 85' lang='lat' dir='ltr'><strong>ex</strong></span> <span class='ocrx_word' id='word_1_266' title='bbox 708 3684 929 3748; x_wconf 77' lang='lat' dir='ltr'><strong>annotationis</strong></span> <span class='ocrx_word' id='word_1_267' title='bbox 957 3687 1083 3749; x_wconf 83' lang='lat' dir='ltr'><strong>tanturn</strong></span> <span class='ocrx_word' id='word_1_268' title='bbox 1114 3694 1245 3753; x_wconf 78' lang='lat' dir='ltr'><strong>nostrae</strong></span> 
     </span>
     <span class='ocr_line' id='line_1_33' title="bbox 136 3789 1244 3860; baseline -0.002 0"><span class='ocrx_word' id='word_1_269' title='bbox 136 3790 297 3860; x_wconf 88' lang='lat' dir='ltr'><strong>timoniis</strong></span> <span class='ocrx_word' id='word_1_270' title='bbox 321 3790 471 3855; x_wconf 82' lang='lat' dir='ltr'><strong>iudicium</strong></span> <span class='ocrx_word' id='word_1_271' title='bbox 494 3790 605 3854; x_wconf 78' lang='lat' dir='ltr'><strong>tbciat:</strong></span> <span class='ocrx_word' id='word_1_272' title='bbox 629 3795 695 3853; x_wconf 82' lang='lat' dir='ltr'><strong>tarn</strong></span> <span class='ocrx_word' id='word_1_273' title='bbox 720 3790 770 3853; x_wconf 88' lang='lat' dir='ltr'><strong>vel</strong></span> <span class='ocrx_word' id='word_1_274' title='bbox 795 3789 932 3853; x_wconf 82' lang='lat' dir='ltr'><strong>feliciter</strong></span> <span class='ocrx_word' id='word_1_275' title='bbox 955 3790 1087 3856; x_wconf 79' lang='lat' dir='ltr'><strong>invente</strong></span> <span class='ocrx_word' id='word_1_276' title='bbox 1106 3793 1156 3856; x_wconf 89' lang='lat' dir='ltr'><strong>vel</strong></span> <span class='ocrx_word' id='word_1_277' title='bbox 1182 3794 1244 3858; x_wconf 87' lang='lat' dir='ltr'><strong>sol-</strong></span> 
     </span>
     <span class='ocr_line' id='line_1_34' title="bbox 134 3895 1246 3983; baseline 0.002 -18"><span class='ocrx_word' id='word_1_278' title='bbox 134 3910 195 3970; x_wconf 81' lang='lat' dir='ltr'><strong>ter</strong></span> <span class='ocrx_word' id='word_1_279' title='bbox 223 3897 406 3983; x_wconf 77' lang='lat' dir='ltr'><strong>excogitata</strong></span> <span class='ocrx_word' id='word_1_280' title='bbox 429 3897 469 3962; x_wconf 90' lang='lat' dir='ltr'><strong>ad</strong></span> <span class='ocrx_word' id='word_1_281' title='bbox 488 3897 561 3961; x_wconf 90' lang='lat' dir='ltr'><strong>illos</strong></span> <span class='ocrx_word' id='word_1_282' title='bbox 581 3896 690 3961; x_wconf 87' lang='lat' dir='ltr'><strong>referri</strong></span> <span class='ocrx_word' id='word_1_283' title='bbox 711 3895 830 3961; x_wconf 88' lang='lat' dir='ltr'><strong>viderit</strong></span> <span class='ocrx_word' id='word_1_284' title='bbox 848 3920 913 3961; x_wconf 91' lang='lat' dir='ltr'><strong>non</strong></span> <span class='ocrx_word' id='word_1_285' title='bbox 933 3896 1013 3963; x_wconf 87' lang='lat' dir='ltr'><strong>adeo</strong></span> <span class='ocrx_word' id='word_1_286' title='bbox 1033 3920 1145 3982; x_wconf 87' lang='lat' dir='ltr'><strong>pauca.</strong></span> <span class='ocrx_word' id='word_1_287' title='bbox 1182 3900 1246 3967; x_wconf 85' lang='lat' dir='ltr'><strong>Sed</strong></span> 
     </span>
     <span class='ocr_line' id='line_1_35' title="bbox 134 4002 1246 4088; baseline -0.002 -12"><span class='ocrx_word' id='word_1_288' title='bbox 134 4007 277 4076; x_wconf 80' lang='lat' dir='ltr'><strong>mndem</strong></span> <span class='ocrx_word' id='word_1_289' title='bbox 306 4002 517 4088; x_wconf 87' lang='lat' dir='ltr'><strong>reputandum</strong></span> <span class='ocrx_word' id='word_1_290' title='bbox 548 4009 598 4069; x_wconf 89' lang='lat' dir='ltr'><strong>est</strong></span> <span class='ocrx_word' id='word_1_291' title='bbox 624 4005 718 4088; x_wconf 84' lang='lat' dir='ltr'><strong>longe</strong></span> <span class='ocrx_word' id='word_1_292' title='bbox 746 4004 839 4087; x_wconf 88' lang='lat' dir='ltr'><strong>plura</strong></span> <span class='ocrx_word' id='word_1_293' title='bbox 866 4009 1049 4069; x_wconf 89' lang='lat' dir='ltr'><strong>commenta</strong></span> <span class='ocrx_word' id='word_1_294' title='bbox 1075 4007 1169 4072; x_wconf 84' lang='lat' dir='ltr'><strong>nobis</strong></span> <span class='ocrx_word' id='word_1_295' title='bbox 1199 4014 1246 4075; x_wconf 78' lang='lat' dir='ltr'><strong>ta-</strong></span> 
     </span>
     <span class='ocr_line' id='line_1_36' title="bbox 134 4110 1245 4199; baseline 0.002 -17"><span class='ocrx_word' id='word_1_296' title='bbox 134 4116 199 4182; x_wconf 84' lang='lat' dir='ltr'><strong>rda</strong></span> <span class='ocrx_word' id='word_1_297' title='bbox 228 4112 343 4195; x_wconf 82' lang='lat' dir='ltr'><strong>fuisse,</strong></span> <span class='ocrx_word' id='word_1_298' title='bbox 370 4110 486 4194; x_wconf 89' lang='lat' dir='ltr'><strong>quibus</strong></span> <span class='ocrx_word' id='word_1_299' title='bbox 509 4132 604 4195; x_wconf 84' lang='lat' dir='ltr'><strong>saepe</strong></span> <span class='ocrx_word' id='word_1_300' title='bbox 628 4111 821 4192; x_wconf 85' lang='lat' dir='ltr'><strong>temerariis,</strong></span> <span class='ocrx_word' id='word_1_301' title='bbox 850 4133 945 4194; x_wconf 80' lang='lat' dir='ltr'><strong>saepe</strong></span> <span class='ocrx_word' id='word_1_302' title='bbox 970 4112 1245 4199; x_wconf 83' lang='lat' dir='ltr'><strong>imperitis,110n-</strong></span> 
     </span>
     <span class='ocr_line' id='line_1_37' title="bbox 135 4217 1243 4306; baseline 0 -18"><span class='ocrx_word' id='word_1_303' title='bbox 135 4240 281 4306; x_wconf 85' lang='lat' dir='ltr'><strong>mquam</strong></span> <span class='ocrx_word' id='word_1_304' title='bbox 304 4217 534 4283; x_wconf 87' lang='lat' dir='ltr'><strong>incredibiliter</strong></span> <span class='ocrx_word' id='word_1_305' title='bbox 555 4219 714 4302; x_wconf 83' lang='lat' dir='ltr'><strong>perversis</strong></span> <span class='ocrx_word' id='word_1_306' title='bbox 743 4222 839 4302; x_wconf 82' lang='lat' dir='ltr'><strong>atque</strong></span> <span class='ocrx_word' id='word_1_307' title='bbox 869 4218 948 4283; x_wconf 90' lang='lat' dir='ltr'><strong>adeo</strong></span> <span class='ocrx_word' id='word_1_308' title='bbox 977 4224 1175 4303; x_wconf 80' lang='lat' dir='ltr'><strong>portentosis</strong></span> <span class='ocrx_word' id='word_1_309' title='bbox 1207 4262 1243 4271; x_wconf 88' lang='lat'><em>-</em></span> 
     </span>
     <span class='ocr_line' id='line_1_38' title="bbox 134 4324 1247 4413; baseline 0.001 -17"><span class='ocrx_word' id='word_1_310' title='bbox 134 4354 158 4396; x_wconf 91' lang='lat' dir='ltr'><strong>n</strong></span> <span class='ocrx_word' id='word_1_311' title='bbox 193 4349 330 4413; x_wconf 84' lang='lat' dir='ltr'><strong>possum</strong></span> <span class='ocrx_word' id='word_1_312' title='bbox 362 4325 447 4390; x_wconf 86' lang='lat' dir='ltr'><strong>enim</strong></span> <span class='ocrx_word' id='word_1_313' title='bbox 477 4325 663 4390; x_wconf 84' lang='lat' dir='ltr'><strong>clementius</strong></span> <span class='ocrx_word' id='word_1_314' title='bbox 697 4324 836 4389; x_wconf 85' lang='lat' dir='ltr'><strong>iudicare</strong></span> <span class='ocrx_word' id='word_1_315' title='bbox 870 4362 905 4371; x_wconf 87' lang='lat'><em>-</em></span> <span class='ocrx_word' id='word_1_316' title='bbox 941 4326 1060 4392; x_wconf 83' lang='lat' dir='ltr'><strong>bonnm</strong></span> <span class='ocrx_word' id='word_1_317' title='bbox 1095 4329 1247 4398; x_wconf 83' lang='lat' dir='ltr'><strong>Plautum</strong></span> 
     </span>
     <span class='ocr_line' id='line_1_39' title="bbox 134 4432 1248 4517; baseline 0.002 -14"><span class='ocrx_word' id='word_1_318' title='bbox 134 4432 399 4503; x_wconf 86' lang='lat' dir='ltr'><strong>mmacularnnt:</strong></span> <span class='ocrx_word' id='word_1_319' title='bbox 424 4437 492 4498; x_wconf 89' lang='lat' dir='ltr'><strong>tam</strong></span> <span class='ocrx_word' id='word_1_320' title='bbox 515 4432 596 4497; x_wconf 88' lang='lat' dir='ltr'><strong>miro</strong></span> <span class='ocrx_word' id='word_1_321' title='bbox 620 4432 669 4498; x_wconf 92' lang='lat' dir='ltr'><strong>illi</strong></span> <span class='ocrx_word' id='word_1_322' title='bbox 692 4439 947 4517; x_wconf 86' lang='lat' dir='ltr'><strong>temperamento</strong></span> <span class='ocrx_word' id='word_1_323' title='bbox 972 4460 1052 4503; x_wconf 83' lang='lat' dir='ltr'><strong>sana</strong></span> <span class='ocrx_word' id='word_1_324' title='bbox 1082 4439 1248 4507; x_wconf 80' lang='lat' dir='ltr'><strong>t&#39;uttilibus</strong></span> 
     </span>
    </p>
   </div>
   <div class='ocr_carea' id='block_1_5' title="bbox 0 0 1426 5034">
    <p class='ocr_par' dir='ltr' id='par_1_6' title="bbox 0 0 1426 5034">
     <span class='ocr_line' id='line_1_40' title="bbox 0 0 1426 5034; baseline 0 0"><span class='ocrx_word' id='word_1_325' title='bbox 0 0 1426 5034; x_wconf 95' lang='lat' dir='ltr'><strong> </strong></span> 
     </span>
    </p>
   </div>
  </div>
 </body>
</html>
