2836 5034
145 329 210 394 446
434 341 695 392 pnonsoonnus
718 338 765 390 nn
788 339 1001 390 nurrorrmvs

146 511 219 553 cum
242 488 446 572 longioribus
470 510 551 571 qnae
574 488 608 552 in
631 508 686 552 eos
710 485 807 570 pedes
826 483 958 570 exeunt)
977 489 1156 550 acuerentur
1170 486 1196 550 in
1209 487 1239 550 ul·

146 596 227 659 tima
251 594 388 678 syllaba:
422 616 503 677 quae
530 594 641 659 omnia
664 615 738 658 cum
765 597 822 657 aut
848 595 1051 676 parorytona
1077 595 1131 656 aut
1148 613 1240 675 propar-

147 706 288 785 oxytona
316 700 350 763 in
375 700 448 782 ipsa
474 700 588 784 lingua
616 700 753 785 fuerint,
785 722 826 763 ne
854 720 969 764 versus
995 698 1122 782 quidem
1142 698 1192 762 nisi
1207 699 1243 762 ills

147 807 334 872 condicione
363 827 433 870 esse
463 811 606 890 orytona
628 828 745 890 passus
769 810 833 890 est,
861 810 899 870 ut
920 804 1089 891 neglectae
1110 805 1167 889 legi
1184 827 1245 868 ucu-

148 913 231 977 satio
261 934 278 975 e
306 934 459 976 concessa
485 912 567 997 legis
596 913 800 997 neglectiore
828 917 945 996 parata
972 916 1067 977 esset
1111 909 1248 996 sicigitur

147 1020 255 1083 evenit
277 1024 314 1083 ut
336 1041 403 1083 non
421 1019 685 1103 improbarentur
706 1018 742 1083 hi
765 1040 918 1083 versuum
943 1019 1057 1101 exitus,
1078 1019 1206 1102 qualium
1221 1018 1249 1079 iu·

147 1126 333 1190 credibilem
357 1146 427 1188 esse
451 1125 693 1190 multitudinem
716 1129 857 1190 constat:

244 1283 850 1296 ..........
904 1233 1024 1297 maltm
1046 1254 1171 1298 crucem

244 1390 850 1403 ..........
903 1343 1011 1432 mores
1033 1341 1112 1405 mali

244 1495 853 1510 ..........
907 1448 1052 1511 animdm
1076 1468 1181 1510 meum

244 1604 850 1617 ..........
904 1551 1040 1618 incuties
1065 1572 1195 1638 grauem

245 1709 851 1723 ..........
905 1659 1054 1746 fitngaris
1077 1665 1169 1725 tunm

246 1817 854 1831 ..........
907 1764 1057 1833 decorari
1079 1767 1154 1831 uolo

245 1923 852 1938 ..........
905 1874 1080 1939 audritiim
1105 1895 1209 1937 meam

246 2029 852 2044 ..........
905 1981 1088 2045 reuenisse‘t
1109 1981 1231 2046 domun

245 2136 850 2152 ..........
903 2088 1089 2152 incdnsultsi
1113 2109 1186 2152 meo

246 2244 851 2258 ..........
904 2197 1165 2279 concrepuerunt
1186 2194 1254 2258 loros

246 2350 850 2366 ..........
903 2301 1137 2386 cristigdtorem
1160 2306 1240 2365 tuum

246 2458 851 2473 ..........
905 2410 1150 2491 recuperttores
1174 2408 1249 2473 dedit

152 2548 213 2614 Sed
237 2550 366 2633 longius
391 2551 488 2613 etiam
513 2550 654 2613 eiusdem
679 2551 727 2614 vis
756 2550 891 2616 rationis
915 2550 1035 2633 patuit,
1065 2552 1185 2635 quippe
1210 2570 1269 2634 quac

151 2657 249 2720 etiam
281 2658 320 2721 ad
351 2658 511 2720 tertium
542 2681 561 2720 a
592 2655 672 2720 fine
704 2657 930 2721 vocabulum
964 2658 1174 2739 pertinuerit:
1208 2651 1269 2739 quod

151 2765 328 2846 oxytonum
353 2785 423 2826 esse
447 2785 484 2826 ea
508 2764 696 2828 condicione
720 2763 842 2847 potuit,
874 2768 910 2827 ut
933 2787 952 2826 a
974 2763 1062 2827 binis
1088 2765 1216 2828 vocibus
1235 2784 1267 2823 er·

78 2889 135 2927 ccx
152 2871 312 2953 ciperetur
335 2872 414 2934 item
438 2875 551 2934 contra
574 2871 837 2935 consuetudinem
858 2871 987 2955 linguae
1008 2871 1170 2954 cxytonis
1197 2868 1268 2932 Velut

151 2975 238 3039 Triu.
267 2978 336 3040 100.
365 2978 435 3042 186.
462 2978 532 3041 19l.
558 2978 636 3041 800:

247 3170 851 3185 ..........
905 3122 1023 3184 uocrint
1046 3122 1135 3184 ciues
1158 3120 1202 3183 tui

247 3277 852 3290 ..........
906 3226 1009 3289 maltis
1035 3227 1139 3290 famas
1163 3226 1252 3289 serunt

246 3383 853 3397 ..........
906 3334 978 3396 meai
1001 3335 1089 3396 recte
1113 3334 1191 3398 facis

246 3489 851 3502 ..........
904 3437 957 3503 uti
978 3439 1063 3503 celes
1087 3440 1166 3522 face,

151 3584 183 3641 et
215 3580 249 3641 in
282 3580 497 3644 Bacchidibus
530 3581 616 3644 bouis
643 3582 749 3644 dicunt
776 3583 867 3658 unuln,
904 3582 1010 3645 utru‘m
1038 3583 1158 3646 creddru
1186 3576 1262 3659 cruda

149 3685 234 3747 mulc'
252 3687 324 3765 fecit
346 3708 414 3762 scio,
452 3688 500 3750 cdl
521 3687 620 3750 secum
643 3688 749 3764 sicud,
786 3689 874 3752 sinric
901 3688 1041 3752 uostrciur
1068 3710 1180 3765 sericus,
1214 3682 1262 3764 Opi!

157 3791 261 3854 Virtus
290 3794 404 3863 l'cuus,
436 3795 503 3857 unni
523 3796 620 3875 priato'
640 3796 732 3871 creole,
759 3796 843 3859 ructet
864 3799 956 3858 sordet
978 3798 1068 3876 sapit.
1116 3796 1154 3859 ln
1176 3792 1261 3877 quibu

150 3898 300 3961 omnibus
330 3902 414 3983 quod
444 3903 552 3966 eodem
579 3902 695 3985 pedum
720 3902 833 3965 ordine
862 3903 1072 3986 spondiaco
1101 3925 1161 3967 vox
1185 3894 1261 3963 medi*

150 4010 200 4067 est
223 4005 308 4067 inter
331 4006 410 4069 duas
435 4008 599 4090 iambicaS,
624 4008 655 4071 id
680 4008 808 4091 quidem
833 4007 959 4071 aliunde
980 4030 1170 4091 suspensum
1189 4002 1260 4069 estet

150 4113 313 4194 propriam
340 4115 500 4196 quandam
524 4137 671 4178 caussam
697 4137 788 4177 suam
812 4113 919 4179 habet
949 4114 1035 4178 Nam
1060 4115 1145 4198 quod
1163 4102 1260 4197 egregit

149 4216 315 4280 Bentleius
340 4219 524 4282 observavit
546 4221 580 4283 in
604 4219 732 4283 Horatii
758 4218 857 4283 Serm.
881 4218 928 4301 ll,
952 4221 983 4302 b,
1008 4221 1063 4303 79,
1091 4242 1194 4284 rarum
1214 4228 1260 4278 estt

149 4325 182 4385 iu
214 4324 328 4406 quinto
359 4323 438 4404 pede
469 4326 586 4388 senarii
618 4327 763 4389 iambum
792 4349 850 4409 pro
880 4327 1036 4409 spondeo,
1068 4327 1101 4391 id
1125 4324 1259 4407 aliquanto

150 4429 333 4493 accuratius
357 4430 402 4491 sic
426 4430 609 4513 definimus,
639 4437 686 4514 ut,
715 4454 787 4496 curn
813 4434 845 4494 in
870 4431 1060 4497 Trinummo
1085 4431 1195 4497 senarii
1215 4419 1259 4508 qffl'·
