2886 5032
640 320 795 369 annino.
1222 300 1287 367 766

144 464 201 550 qui
224 465 307 530 talia
328 465 450 550 legumt,
473 465 592 530 iudicio
616 470 786 550 proponat
819 465 957 530 Videtur
979 463 1041 530 hoc
1064 487 1084 529 a
1108 463 1286 529 maioribus
1399 512 1407 527 .

143 570 191 636 sic
219 571 405 636 institutum
434 593 518 654 esse,
550 594 616 637 non
644 576 710 636 tam
739 577 776 637 ut
805 573 956 658 cuiquam
985 575 1133 638 nostrum
1162 570 1286 657 ingenii

143 677 339 743 exercitandi
363 678 489 743 occasio
513 679 730 761 praeberetur,
754 701 793 743 ea
816 678 904 743 enim
926 678 1115 745 hominibus
1133 678 1285 744 eruditio

142 784 233 849 ribus
255 807 322 851 non
345 786 439 850 facile
463 785 568 868 deest,
596 808 657 850 nec
685 789 721 850 ut
749 786 866 871 aliquis
890 786 930 850 ad
954 786 1160 871 quaestiones
1183 807 1285 851 novas

142 895 241 977 atque
260 892 492 957 reconditiores
508 893 724 957 instituendas
740 893 967 978 instigaretur,
985 893 1077 958 nullo
1096 893 1183 958 enim
1202 893 1286 956 eius-

143 999 234 1064 modi
258 999 467 1064 incitamento
492 1022 573 1083 opus
592 1004 643 1064 est
661 1000 717 1084 ais,
741 1001 795 1084 qui
815 999 849 1064 in
867 999 948 1085 ipsis
968 999 1088 1064 litteris
1108 1001 1287 1082 versantur,

145 1105 207 1170 scd
235 1111 272 1171 ut
299 1105 518 1171 adolescentes
547 1105 729 1171 litterarum
760 1104 899 1171 studiosi
929 1105 990 1170 hoc
1022 1107 1169 1190 exemplo
1193 1106 1286 1190 quasi

143 1210 284 1295 quodam
304 1212 436 1277 stimulo
456 1212 496 1277 ad
515 1213 694 1279 certamina
711 1213 861 1298 gnaviter
880 1211 1047 1276 subeunda
1065 1212 1286 1278 incitarentur.

143 1316 217 1382 Hoc
241 1339 316 1383 vero
340 1341 426 1384 anno
451 1319 573 1384 edenda
595 1319 658 1384 luit
681 1318 896 1383 certaminum
919 1318 1055 1385 indictio
1078 1320 1166 1385 nuda
1184 1319 1286 1385 omni-

142 1446 208 1508 que
232 1424 423 1490 cruditionis
447 1429 564 1491 ornatu
586 1447 697 1490 vacua.
743 1422 880 1509 Collega
903 1426 988 1490 enim
1012 1426 1217 1492 doctissimus
1241 1431 1287 1492 at

143 1552 207 1616 que
239 1532 508 1616 humanissimus,
540 1533 594 1616 qni
629 1531 715 1616 apud
744 1553 804 1596 nos
836 1534 1121 1617 programmatsrii
1154 1555 1286 1598 munere

142 1638 301 1722 iungitur,
324 1638 506 1703 Ludovicus
530 1638 673 1722 Langius
697 1660 717 1702 a
739 1637 839 1722 lebre,
861 1661 958 1723 qnam
982 1640 1017 1705 in
1035 1640 1150 1705 itinere
1170 1640 1286 1706 Italico

142 1766 202 1828 per
230 1744 328 1810 lorias
356 1746 559 1810 autumnales
588 1750 739 1830 suscepto
768 1745 830 1810 sibi
859 1747 1035 1831 contraxit,
1067 1748 1213 1814 nondum
1240 1748 1288 1811 ita

142 1851 335 1935 revaluerat,
357 1856 396 1917 ut
419 1875 457 1918 ex
476 1852 666 1937 multiplicis
686 1875 750 1938 qua
768 1856 902 1917 ornatus
921 1856 971 1918 est
990 1855 1182 1920 eruditionis
1201 1876 1287 1938 penu

141 1957 268 2043 aliquid
291 1981 485 2043 praeparare
508 1966 541 2024 et
564 1960 598 2023 in
621 1960 787 2043 publicum
811 1959 904 2024 edere
927 1966 1046 2043 posset

230 2063 323 2129 Nihil
347 2065 448 2150 igilur
471 2068 585 2143 restat,
609 2065 671 2128 nisi
695 2071 732 2129 ut
756 2066 869 2129 statim
894 2065 935 2130 ad
959 2089 1030 2131 eam
1053 2088 1121 2131 rem
1144 2072 1286 2133 trausea-

140 2195 224 2255 mus,
248 2194 328 2256 quae
352 2172 469 2256 agitur.

691 2423 741 2486 11.

436 2563 661 2650 Erklsirung
688 2563 754 2629 der
780 2562 994 2629 Redaction

353 2668 412 2755 (im
435 2670 548 2736 Rhein.
572 2670 721 2736 Museum
745 2669 803 2735 Bd.
825 2670 921 2734 XVII
943 2692 974 2753 p.
993 2667 1083 2756 328).

233 2811 273 2876 In
296 2812 398 2899 Folge
421 2814 509 2878 eines
533 2813 591 2877 das
615 2812 850 2878 Rhcinische
873 2812 1044 2877 Museum
1069 2813 1285 2880 betreffenden

143 2920 454 3005 Zeitungsartikels,
481 2918 538 2984 der
562 2943 620 2984 aus
645 2920 748 2984 einem
773 2918 1023 2984 Pommcrschcn
1047 2919 1153 3004 Blatt,
1185 2921 1288 2987 woriu

142 3050 178 3092 er
207 3049 339 3092 unseres
364 3026 511 3092 Wissens
540 3029 647 3091 auerst
674 3026 835 3111 erachien,
863 3028 897 3091 in
919 3025 1145 3092 verschiedene
1169 3028 1286 3092 andere

143 3134 397 3220 fibergegangen
425 3134 481 3217 ist,
514 3133 587 3199 sind
615 3134 671 3198 der
699 3133 879 3200 ltedaction
907 3133 1092 3202 mehrfache
1119 3133 1288 3219 Aufrageu

145 3242 225 3306 iiber
256 3241 313 3305 das
341 3239 578 3305 Fortbestehen
609 3241 686 3305 oder
716 3241 958 3306 vermeintliche
985 3240 1154 3326 Eingehen
1184 3240 1288 3305 dieser

143 3346 333 3411 Zeitschrift
360 3346 606 3432 augekommen,
639 3347 692 3411 die
719 3370 781 3412 uns
809 3372 848 3412 au
871 3347 1126 3413 nnchsteheuder
1150 3348 1287 3414 Aufklu-

143 3475 228 3539 rung
251 3454 471 3539 verpllichten.

97 3640 102 3653 ι
233 3561 280 3625 Es
297 3562 342 3626 ist
358 3561 487 3647 richtig,
508 3559 582 3625 dass
604 3561 673 3625 dem
692 3560 909 3625 ltheinischen
923 3560 1071 3626 Museum
1086 3561 1157 3626 cine
1172 3559 1286 3626 Unter·

143 3672 298 3753 sttltznng
321 3691 378 3733 ans
403 3667 726 3752 summittendis
750 3668 816 3732 ihm
841 3669 903 3733 seit
921 3668 953 3733 N
959 3667 1122 3732 iebuhr’s
1147 3668 1210 3731 und
1229 3668 1285 3731 des

143 3773 310 3839 Ministers
339 3798 412 3841 von
436 3776 659 3841 Altenstein
688 3774 799 3839 Zeiten
824 3779 919 3838 anter
948 3774 1034 3839 allen
1062 3774 1286 3856 preussischen

143 3881 350 3946 Ministerien
373 3881 638 3968 ungeschmiilert
661 3881 831 3966 geblieben
852 3903 928 3963 war,
951 3881 1013 3944 seit
1027 3879 1159 3965 Anfang
1182 3881 1286 3945 dieses

143 3987 264 4052 Jahres
279 3988 379 4053 durch
394 3987 456 4052 den
466 3988 574 4053 Herrn
584 3987 926 4053 Staatsministervon
942 3986 1285 4052 Bethmann·Holl·

144 4116 225 4179 weg
249 4116 361 4179 wegen
385 4094 595 4178 mangeluder
613 4093 720 4158 Fonds
740 4094 889 4158 insoweit
908 4099 1065 4179 entaogen
1085 4095 1216 4159 worden
1235 4095 1287 4178 ist,

142 4202 219 4267 dass
243 4201 295 4266 dic
319 4200 443 4266 Anzalrl
472 4224 536 4267 von
558 4201 788 4285 Exemplaren,
817 4201 868 4265 die
896 4201 947 4265 bis
970 4201 1068 4266 dahin
1092 4201 1206 4266 behufs
1230 4202 1287 4267 dor

145 4308 364 4394 Vertheilung
392 4330 434 4372 an
462 4307 665 4392 preussische
689 4306 888 4390 Gymnasicn
911 4330 984 4371 aum
1010 4308 1142 4372 Ankauf
1160 4309 1288 4395 lamen,

145 4416 202 4481 anf
213 4413 248 4501 Ἄ
262 4415 491 4500 herabgesetat
505 4416 623 4481 warde.
650 4415 695 4481 Es
715 4416 759 4481 ist
777 4415 857 4481 anch
877 4416 1007 4502 richtig,
1026 4415 1100 4481 dass
1120 4438 1180 4481 uns
1199 4416 1287 4482 disse
