2836 5034
477 352 710 402 cassiniacus
734 353 863 401 aenan.
1173 331 1237 396 673

120 513 172 557 sse
185 493 384 577 singulorum
402 496 569 563 hominum
589 503 713 564 aetates
732 497 938 565 incrementis
952 496 1018 561 illis
1034 490 1239 578 assequendis

120 603 200 683 ,tque
218 601 479 685 complectendis:
503 605 550 669 ita
569 606 639 670 fieri
659 611 703 689 ut,
721 604 797 669 dnm
817 603 974 689 professio
994 603 1177 667 litterarum
1197 597 1240 662 sit

120 727 199 770 renes
221 708 376 794 seniores,
404 732 503 794 penes
527 711 669 775 iuniores
699 711 872 775 earundem
896 711 1094 774 incrementa
1117 706 1184 771 sint
1207 707 1241 768 et

120 815 320 881 recentissima
341 838 487 901 quaeque
510 817 649 882 inventa.
696 816 779 881 Huic
804 821 910 881 autem
935 813 1153 879 criminationi
1178 811 1240 875 etsi
1296 848 1299 852 ι

120 920 278 988 notissime
310 924 357 988 ita
389 924 614 1008 respondetur,
648 930 685 988 ut
716 925 776 989 hoc
809 924 881 1008 ipso
913 922 1048 988 consilio
1079 918 1242 1005 privatim,

120 1046 172 1091 nou
191 1029 321 1112 publico
345 1030 453 1095 officio
472 1030 656 1096 docentium
676 1054 793 1096 munus
813 1053 883 1096 esse
901 1030 1088 1095 institutum
1106 1027 1242 1109 dicatur,

120 1151 152 1193 ue
174 1144 352 1204 senesceret
379 1145 476 1225 atque
506 1140 723 1205 obsolesceret
751 1141 802 1205 vel
826 1138 963 1204 scientia
985 1137 1168 1201 litterarum
1192 1133 1242 1197 vel

120 1238 329 1311 madorem
363 1246 708 1334 propagandarumque
734 1248 824 1312 ratio
853 1268 890 1311 ac
918 1243 1099 1329 disciplina:
1133 1246 1243 1305 tamen

120 1341 266 1414 tendum
296 1356 347 1416 est
374 1353 425 1416 vel
449 1355 495 1417 sic
520 1354 721 1439 aliquantum
746 1354 855 1437 adid,
888 1351 974 1438 quod
997 1351 1042 1416 sit
1064 1347 1243 1434 perfectum

120 1452 160 1515 rel
178 1453 318 1536 perfecto
342 1457 538 1542 proximum,
567 1459 752 1525 desiderari.
797 1459 841 1523 Et
865 1480 965 1523 unum
988 1456 1139 1544 quiddam
1163 1454 1245 1519 satis

120 1555 208 1626 babeo
231 1585 295 1627 nno
319 1564 418 1628 verbo
442 1566 650 1650 significasse,
673 1588 737 1651 quo
761 1565 888 1651 quidem
908 1564 995 1630 illius
1014 1562 1140 1630 consilii
1159 1561 1245 1626 salu·

120 1663 221 1752 trites,
243 1669 277 1734 in
300 1690 363 1752 quo
387 1669 492 1753 ipsam
517 1674 583 1737 vim
608 1673 739 1737 vitalem
764 1672 1014 1736 universitatum
1038 1668 1245 1756 potissimum

120 1787 175 1836 me
195 1776 372 1858 repositam
397 1777 520 1862 pridem
552 1778 752 1843 intellectum
777 1784 839 1861 est,
867 1799 932 1842 non
956 1777 1160 1842 mediocriter
1183 1774 1245 1839 ele·

120 1882 318 1966 securasque
341 1888 543 1950 attenuatur:
573 1884 634 1949 hoc
658 1885 746 1969 dico,
768 1884 855 1970 quod
879 1885 1064 1949 etiamnunc
1087 1883 1247 1969 quaedam

120 1979 287 2053 latentium
316 1990 446 2055 scholae
475 1994 564 2073 sunt,
598 2012 677 2075 quas
700 1989 900 2074 frequentari
923 2011 989 2055 non
1012 1989 1103 2074 optio
1127 1988 1248 2053 discen·

120 2090 185 2158 tium
209 2100 242 2159 et
264 2095 367 2161 libera
390 2101 551 2181 potestas,
575 2097 631 2161 sed
653 2097 735 2183 legis
759 2097 936 2161 necessitas
959 2097 1083 2162 iubeat:
1114 2118 1178 2181 quo
1202 2097 1248 2159 in·

120 2199 219 2264 stitnto
253 2202 337 2266 nihil
369 2207 483 2269 nostra
516 2204 678 2269 sententia
711 2203 847 2289 cogitari
886 2203 1097 2287 perniciosius
1132 2206 1250 2286 potest.

120 2299 225 2372 Verum
248 2307 312 2374 hoe
336 2313 373 2373 ut
392 2310 535 2375 mittam:
559 2330 653 2392 spero
672 2310 759 2373 enim
779 2310 847 2374 fore
866 2314 904 2373 ut
922 2310 1055 2375 abolitis
1075 2314 1141 2374 tam
1162 2307 1248 2372 dam·

120 2414 194 2478 nasis
212 2414 341 2500 legibus
361 2415 537 2500 aliquando
556 2414 596 2480 ad
612 2437 721 2481 veram
739 2416 932 2500 plenamque
950 2416 1135 2480 libertatem
1150 2414 1249 2478 etiam

120 2513 221 2585 inhoc
245 2542 365 2605 genere
388 2522 614 2603 perveniamus
635 2522 684 2586 vel
709 2523 817 2606 potius
842 2521 1021 2587 redeamus:
1045 2521 1130 2586 idem
1155 2519 1250 2583 facile

120 2618 228 2710 largior
250 2648 291 2690 ne
317 2628 516 2713 sicquidem
542 2629 738 2693 senescentis
762 2633 795 2694 et
819 2627 1052 2693 obsolescentis
1072 2627 1105 2690 in
1125 2626 1251 2690 univer·

120 2727 259 2797 sitatibus
292 2734 413 2798 nostris
447 2734 498 2799 vel
534 2735 688 2798 scientiae
722 2735 771 2800 vel
807 2734 1024 2799 institutionis
1057 2732 1252 2797 detrimenta

120 2838 185 2901 aas
207 2840 249 2904 ab
275 2841 363 2904 omni
389 2845 491 2924 parte,
514 2845 551 2904 ut
574 2863 659 2905 nuno
683 2862 734 2904 res
755 2846 814 2925 est,
838 2839 1048 2923 compensari,
1073 2840 1168 2924 idque
1188 2859 1251 2902 non

120 2956 200 3008 unam
230 2946 273 3010 ob
303 2968 462 3010 caussam.
507 2947 584 3012 Dixi
613 2947 651 3011 de
675 2948 856 3011 litterarum
881 2946 1103 3029 incrementis,
1136 2942 1253 3027 quibus

120 3051 320 3136 exsequendis
349 3075 413 3117 non
442 3076 502 3137 par
531 3055 573 3117 sit
601 3054 803 3137 singulorum
832 3054 954 3119 indoles
983 3054 1082 3117 etiam
1112 3071 1177 3116 non
1201 3049 1253 3112 de·

120 3168 265 3222 nascens:
291 3157 397 3222 dicam
423 3181 508 3223 nuuc
532 3159 571 3223 de
590 3160 707 3224 indolis
727 3160 938 3244 decremento,
961 3182 1021 3224 nec
1040 3158 1153 3223 celabo
1173 3175 1255 3240 quae

120 3272 176 3327 use
198 3286 278 3328 vera
303 3265 540 3329 concedendum
566 3266 623 3348 sit,
646 3288 710 3331 non
734 3265 881 3350 pudenda
904 3269 1029 3349 tamen,
1052 3265 1129 3350 quia
1153 3262 1256 3347 ipsius

120 3354 267 3435 lamense
292 3375 429 3435 naturae
453 3374 521 3436 sive
545 3373 738 3437 necessitate
762 3374 831 3436 sive
856 3372 935 3437 vitio
959 3373 1049 3435 fiunt.
1082 3369 1152 3434 Nec
1171 3368 1256 3431 enirn

120 3470 205 3541 'ires
229 3480 362 3540 tantum
388 3478 506 3541 mentis
529 3479 563 3542 in
586 3485 775 3543 senescente
800 3478 932 3562 corpore
956 3481 1178 3559 marcescunt,
1202 3475 1259 3539 sed

120 3574 139 3641 Vl
162 3581 414 3648 consuetudinis
439 3583 588 3648 voluntas
618 3606 744 3668 quoque
775 3582 956 3667 languescit
983 3585 1017 3644 et
1047 3586 1137 3645 certa
1163 3603 1260 3666 quae-

120 3675 178 3754 lam
209 3689 353 3755 facultas
384 3711 485 3773 eaque
516 3690 555 3754 ad
587 3691 749 3754 fructuose
778 3689 953 3754 docendum
985 3687 1183 3770 gravissima
1206 3688 1261 3752 he-

120 3795 216 3860 escit
264 3793 312 3857 Et
337 3793 418 3858 haec
440 3795 569 3878 quidem
593 3795 732 3861 facultas
756 3796 789 3858 in
813 3816 850 3858 eo
873 3793 1028 3874 cernitur,
1057 3783 1163 3876 quod,
1194 3817 1260 3879 quo

120 3902 329 3966 ’revectiores
349 3902 459 3963 aetate
479 3902 653 3965 iuventutis
673 3902 819 3966 doctores
840 3899 1016 3982 evadimus,
1039 3919 1077 3961 eo
1098 3901 1163 3963 etsi
1185 3922 1267 3966 sane
1283 3929 1318 3969 ιι

120 4006 303 4070 saturiores
334 4006 535 4088 exsistimus,
559 4006 653 4070 simul
677 4011 785 4070 tamen
808 4025 872 4068 non
898 4025 1071 4084 possumus
1096 4028 1164 4071 non
1191 4008 1270 4074 alie·

120 4110 213 4175 iores
238 4110 281 4174 ab
307 4110 381 4192 ipsa
399 4110 506 4174 indole
527 4112 705 4176 iuventutis
729 4111 811 4175 fieri:
834 4112 1032 4191 contraque
1057 4114 1198 4195 propior
1223 4116 1272 4191 iu·

120 4215 205 4281 enili
229 4219 351 4279 nostra
375 4219 464 4279 aetas
488 4220 548 4298 est,
572 4238 609 4280 eo
629 4222 661 4280 et
679 4216 804 4280 facilins
824 4218 857 4277 ct
876 4213 1040 4277 efficacius
1062 4215 1105 4280 ad
1125 4218 1275 4290 iuvenile

120 4325 256 4390 ostrum
284 4321 454 4402 ingenium
479 4322 758 4386 accommodamus
782 4324 815 4383 ot
834 4324 1001 4400 tamquam
1022 4322 1279 4416 assimulamus,

120 4451 165 4496 no
188 4429 232 4492 fit
255 4431 296 4490 ut
320 4425 385 4510 ipsi
410 4426 561 4490 iuvenum
592 4427 689 4490 saluti
714 4425 831 4489 rectius
854 4422 1078 4492 consulamus.
1130 4432 1282 4506 Invidio.

148 4551 195 4586 n.
217 4548 380 4584 ll'rflcnml
401 4547 538 4580 Ol’vscvta
560 4548 584 4580 V.
1017 4535 1054 4584 43
