2836 5034
186 308 251 373 354
474 323 739 373 Pronnoounnr
762 323 810 371 nu
831 321 1045 372 anmonmve

186 471 422 551 concoquerent
439 467 574 552 librarii,
597 467 788 552 corrigendo
808 467 871 533 sibi
888 467 999 532 notius
1018 464 1194 532 intulerunt
1218 465 1299 531 ludu·

186 575 287 640 cende
314 579 390 640 sunt
416 581 446 640 et
470 577 590 641 inducit
618 581 631 640 t
657 576 768 659 verba,
797 597 878 660 quae
907 577 1020 640 assuta
1046 595 1116 639 esse
1137 572 1202 658 ipsa
1218 573 1300 639 collo·

185 683 270 747 catio
301 681 407 762 docet,
440 705 512 748 cum
546 684 663 749 saltem
689 684 712 748 d
735 684 842 766 perdit
866 688 896 748 et
921 683 1045 748 indicit
1070 687 1084 746 t
1109 681 1303 767 coniungenda

185 788 331 853 fuissent
368 788 421 855 Ab
445 790 537 855 initio
560 790 702 855 fortasse
726 795 783 855 aut
805 790 914 876 ipsum
932 789 1013 854 Hau
1035 810 1097 874 pro
1119 787 1212 854 Haud
1227 810 1302 872 repo

184 896 335 980 nendum,
359 901 417 961 aut
437 901 513 982 post
536 897 575 962 οὐ
600 897 781 963 addendum
803 902 833 962 ct
856 896 921 977 fuit
941 918 992 962 au.
1037 895 1185 981 Reliqua,
1208 895 1303 980 quibus

186 1025 314 1067 summa
337 1004 568 1088 disputationis
592 1004 787 1088 continetur,
810 1004 857 1068 sic
881 1004 909 1067 si
933 1003 1010 1088 quid
1032 1003 1126 1069 'video
1148 1000 1301 1068 scribenda

183 1100 233 1176 *at
251 1134 325 1177 cum
343 1112 478 1177 uerbum
498 1134 517 1177 a
535 1112 730 1178 consonanti
747 1112 869 1197 incipit,
892 1113 915 1176 d
935 1111 1043 1197 perdit
1067 1114 1105 1176 nt
1125 1110 1187 1175 hou
1202 1109 1300 1174 dubium

187 1221 220 1283 et
245 1218 309 1283 boc
335 1220 435 1285 multa
462 1223 495 1284 et
521 1219 585 1284 hou
606 1220 766 1302 placituro
792 1217 892 1299 refer?
938 1216 1025 1284 Nam
1054 1221 1092 1283 ut
1113 1218 1177 1283 huc
1197 1216 1296 1281 tandem

185 1324 362 1410 deveniam,
385 1326 471 1410 quod
494 1328 590 1412 longe
614 1327 844 1412 gravissimum
863 1330 913 1390 est
931 1330 965 1390 et
983 1325 1138 1410 ponderis
1155 1324 1297 1409 plurimun

185 1431 347 1498 Victorini
369 1434 544 1499 memoriae
569 1434 703 1519 addens,
725 1456 874 1500 manasse
897 1433 978 1499 haee
1000 1431 1111 1499 omnia
1133 1454 1152 1498 e
1175 1450 1299 1519 germem

185 1538 353 1605 doctorum
372 1542 660 1627 grammaticorum
674 1547 743 1606 arte
758 1546 791 1606 et
805 1540 977 1624 disciplina
990 1539 1165 1606 manifesto
1184 1535 1303 1622 exempli

185 1645 310 1730 docent,
333 1670 416 1732 quae
439 1648 481 1713 ad
504 1648 604 1713 crisin
626 1648 851 1733 Vergilionem
874 1649 1025 1733 spectent
1051 1647 1175 1712 omnia:
1202 1643 1306 1730 quando

138 1755 223 1820 o1ad
247 1753 432 1839 Vergilium
456 1755 623 1821 simillimo
653 1777 686 1820 se
711 1754 818 1820 studio
842 1753 936 1819 latini
959 1753 1167 1840 grammatici
1189 1752 1251 1817 toti
1270 1774 1309 1837 ep

182 1862 384 1945 plicaverunt
412 1883 475 1946 quo
505 1862 545 1927 ad
569 1861 749 1927 Homerum
777 1861 895 1947 graeci.
940 1861 1043 1927 Haud
1069 1861 1161 1926 altor
1185 1858 1309 1940 [aab]

181 1989 287 2034 micros
304 1968 410 2034 =habes
434 1968 514 2034 Aen.
538 1970 601 2055 IX,
623 1971 680 2035 65:
708 1969 794 2035 baud
814 1969 952 2052 aarum
975 1991 1049 2035 cum
1072 1968 1194 2055 Georg.
1218 1968 1244 2053 Ι,
1263 1965 1309 2032 lli

183 2081 253 2141 tum
283 2080 398 2161 quater
426 2076 459 2140 in
487 2075 642 2142 Aeneide:
670 2077 757 2143 beced
775 2077 936 2159 placitura
961 2075 1043 2156 refer
1069 2073 1123 2163 (ut
1150 2099 1241 2141 nunc
1267 2074 1309 2139 vul

183 2189 294 2270 getam
324 2185 464 2250 formam
494 2184 637 2269 teneam)
666 2186 746 2250 Aen.
774 2183 847 2268 XII,
878 2184 934 2249 lo:
965 2183 1053 2249 haud
1078 2184 1216 2249 multum
1250 2205 1309 2268 opu

183 2291 366 2379 Vergilium
389 2315 455 2357 non
478 2293 584 2378 magis
613 2297 721 2357 exstat
743 2313 841 2377 quarn
863 2291 951 2358 lraud
971 2293 1140 2378 dudum),
1171 2291 1231 2356 sed
1253 2291 1309 2355 bos

182 2401 282 2465 multa
303 2399 384 2466 Aen.
403 2399 461 2485 ΙΙΙ,
480 2401 554 2466 610.
577 2399 649 2484 XII,
668 2399 743 2478 506,
765 2399 851 2464 huod
871 2399 997 2465 whom
1019 2400 1063 2465 ib.
1085 2398 1128 2484 11,
1153 2399 1236 2464 359:
1259 2419 1309 2463 nar

183 2507 371 2572 Plautinum
398 2508 484 2572 leand
509 2508 627 2572 dudum
656 2507 840 2590 exemplum
869 2504 1026 2572 ePersae
1049 2505 1107 2590 IV,
1130 2506 1164 2590 3,
1189 2507 1232 2571 28
1258 2505 1309 2570 Ver

183 2616 313 2701 gilianis
337 2615 614 2698 disputationibus
642 2615 780 2678 mixtum
805 2635 875 2678 esse
898 2636 1013 2697 parum
1037 2613 1206 2678 credibile.
1253 2611 1309 2688 Quo

184 2746 256 2788 rum
280 2723 500 2807 exemplorum
529 2723 619 2787 nullo
642 2722 705 2785 buu
728 2721 868 2786 formam
892 2721 942 2786 vel
966 2721 1134 2784 veterrimi
1159 2720 1238 2785 libri
1261 2741 1309 2784 mn

185 2834 361 2895 servarunt.
409 2829 470 2894 Sed
495 2830 580 2914 apud
604 2829 755 2893 Plautum
780 2828 940 2913 profecto,
969 2827 1073 2891 sicubi
1097 2831 1250 2910 servant,
1271 2847 1309 2890 no

184 2960 255 3002 esse
280 2961 298 3002 a
315 2938 410 3002 nobis
431 2937 683 3002 oblitterandam
702 2936 917 3021 intellegitur:
941 2936 997 3000 ubi
1017 2939 1137 3015 tamem
1163 2935 1229 2999 etsi
1248 2953 1309 2998 nun

185 3067 283 3129 quam
307 3050 381 3109 ante
404 3046 550 3109 vocalem
573 3044 649 3127 huo,
681 3049 715 3107 at
743 3065 839 3126 saepe
868 3044 935 3107 sive
958 3041 1044 3106 bared
1066 3041 1137 3104 sive
1161 3040 1243 3105 baut
1263 3044 1309 3105 ant

185 3155 418 3217 consonantem
445 3153 479 3216 in
502 3151 720 3216 Ambrosiano
748 3151 906 3235 scripturn
935 3170 1004 3213 esse
1031 3170 1097 3213 non
1129 3153 1182 3214 est
1210 3149 1309 3213 minin

184 3256 279 3323 Nunc
307 3262 415 3324 autern
444 3259 555 3322 licebit
583 3259 681 3323 etiam
705 3256 743 3320 de
768 3254 907 3321 Charisii
932 3254 1119 3321 obscuriore
1144 3253 1309 3321 testimoni

184 3367 302 3430 rectius
327 3390 424 3452 quam
449 3365 554 3430 adhuc
577 3365 700 3430 factum
726 3367 775 3428 est
797 3361 1007 3448 iudieare**),
1035 3363 1128 3428 cuius
1152 3363 1236 3429 haec
1259 3384 1309 3427 sun

183 3479 259 3557 post
283 3476 413 3538 brevem
433 3474 470 3538 de
489 3475 542 3538 sed
563 3474 723 3557 particula
743 3471 997 3557 disputationem
1016 3471 1116 3535 verba
1135 3471 1193 3536 lib.
1215 3471 1231 3535 Ι
1250 3495 1278 3556 p.
1290 3469 1309 3534 8⁴

186 3583 274 3664 [112‚
299 3583 317 3646 8
341 3580 410 3662 K.]:
439 3580 552 3644 ‘Haud
579 3582 727 3645 similiter
754 3582 777 3644 d
802 3580 915 3644 littera
943 3566 1152 3643 terniinatur:
1181 3600 1226 3644 ort
1251 3578 1309 3644 onir

185 3708 300 3771 graeca
324 3710 387 3752 uox
410 3690 432 3752 d
452 3687 565 3751 littera
583 3688 768 3768 termina[ri
787 3688 870 3771 apud
891 3687 1056 3771 antiquos]
1076 3688 1196 3771 coepit,
1221 3685 1309 3771 quibu

185 3816 255 3858 mos
284 3799 354 3858 erat
381 3796 403 3858 d
429 3796 588 3876 litt[eram
616 3794 778 3874 omnibus]
809 3816 912 3878 paene
935 3795 1069 3859 uocibus
1093 3793 1202 3858 uocali
1226 3795 1309 3858 litter

188 3940 289 3947 *---
339 3942 399 3948 —-..

278 4008 304 4075 ²¹¹)
324 4006 377 4075 [Ex
396 4006 570 4060 Addendis
594 4023 620 4074 p.
641 4020 769 4061 cccxxv:
795 4005 886 4074 ‘quod
905 4005 1000 4060 iuncta
1022 4006 1098 4060 baud
1125 4007 1231 4061 dudum
1249 4006 1309 4059 vcr'

186 4099 294 4151 exstare
313 4097 387 4165 apud
407 4096 562 4166 Vergilium
581 4096 696 4165 negavi,
721 4095 773 4149 etsi
792 4111 856 4150 vere
874 4094 991 4165 negavi,
1013 4096 1112 4150 tamen
1130 4096 1264 4151 excidisse
1293 4113 1309 4163 Ἰ,

185 4185 241 4240 tius
265 4185 371 4254 aliquid
395 4186 422 4239 in
446 4184 583 4239 Victorini
609 4184 702 4239 verbis
728 4202 801 4239 nnnc
829 4183 919 4240 video.
957 4185 1016 4239 Nec
1044 4184 1120 4239 enim
1148 4184 1309 4240 dubitend

185 4277 296 4331 videtur
315 4276 382 4344 quin
400 4276 435 4329 ad
454 4278 521 4329 Aen.
542 4276 575 4340 X,
594 4280 644 4328 599
664 4274 864 4344 grammaticus
883 4274 1031 4343 spectarit:
1057 4276 1134 4329 baud
1152 4275 1245 4343 (immo
1274 4276 1309 4329 Ι

185 4368 255 4421 talia
273 4367 412 4434 dudum']

257 4458 302 4525 **)
323 4456 374 4525 [cf.
394 4457 464 4510 Nov.
484 4471 541 4510 exc.
561 4454 653 4510 Plaut.
673 4456 684 4508 l
704 4474 731 4524 p.
751 4457 831 4522 leq]
