2836 5034
193 328 235 392 66
511 344 590 391 vurr
615 344 764 392 svuarua
787 343 850 391 aas
875 343 1017 392 uocaus

193 501 277 554 opere
305 482 412 551 alioqui
438 501 493 538 non
520 484 671 538 iniucundo
700 483 833 552 detritus,
856 486 889 538 ut
911 501 978 552 qum
1000 482 1127 553 singulas
1155 499 1200 538 res
1218 481 1304 552 dilige·

193 573 248 627 tius
267 572 441 642 contemplor
459 590 627 642 manumque
646 573 725 643 operi
742 590 941 641 nonnunquam
964 566 1095 640 adhibeo,
1113 571 1221 628 factum
1236 574 1283 638 est,

192 664 310 718 uenator
333 661 386 716 sim
409 662 465 717 iam
488 662 690 732 propemodum
713 663 801 717 bonus
824 666 853 717 st
876 679 961 730 eques
986 679 1041 717 nou
1061 661 1175 719 omniuo
1194 659 1304 730 pessimi

193 751 277 806 Rides
296 752 328 804 tu
346 750 473 819 fortasse,
492 750 558 804 dum
577 767 611 806 ea
629 750 714 820 legis,
733 754 764 805 at
781 751 898 820 rideres,
917 753 962 805 sat
980 751 1047 819 scio,
1066 751 1157 806 multo
1177 750 1260 805 etiam
1277 767 1304 806 m

195 841 251 910 gis,
280 839 304 894 si
326 856 372 894 mc
391 856 462 910 equo
481 839 600 910 impigre
619 841 722 894 terram
741 840 860 910 pedibus
879 839 1050 897 concutienti
1077 840 1245 895 insidentem
1276 856 1304 897 ce

193 945 313 999 vumque
333 928 416 998 pleno
434 945 516 983 eursu
534 946 585 999 per
603 928 680 984 invia
698 944 824 999 quasque
843 929 1036 998 insequentem
1055 929 1175 984 videres.

264 1036 325 1102 Quo
343 1034 430 1090 animi
449 1037 530 1090 aestu
548 1036 772 1091 reverendissimi
786 1035 999 1106 Bambergensis
1017 1035 1154 1091 eeclesiae
1173 1035 1239 1091 olim
1256 1053 1304 1105 pra

193 1125 260 1180 sulis
279 1127 398 1179 mortem
417 1125 596 1194 pertulerim,
614 1127 675 1180 tute
694 1141 739 1180 me
758 1125 843 1180 etiam
861 1127 973 1180 neena
992 1125 1075 1180 facile
1095 1125 1228 1194 consequi
1245 1128 1304 1194 poter

192 1214 277 1268 liram
296 1216 364 1268 tuuc
373 1212 509 1279 Viennae,
526 1213 598 1267 nulli
616 1214 708 1268 minus
728 1232 811 1283 quam
831 1213 896 1268 huie
914 1213 955 1269 rei
973 1213 1107 1282 intentus,
1126 1219 1204 1268 ecee!
1222 1212 1304 1267 uuneiu

193 1303 281 1368 adest,
299 1301 376 1356 illius
395 1304 514 1357 mortem
533 1304 562 1356 et
580 1318 642 1357 cam
657 1303 770 1372 quidem
784 1320 818 1358 ex
832 1302 967 1358 incisione
980 1301 1061 1358 nobis
1075 1301 1250 1373 significavit
1272 1301 1303 1366 Qu

195 1392 245 1446 alii
259 1391 355 1447 animo
370 1389 482 1457 fuerint,
500 1389 573 1445 nihil
588 1408 701 1447 moveor
715 1408 777 1462 ego,
792 1392 830 1447 sit
842 1409 893 1462 per
906 1408 951 1446 me
966 1409 1047 1446 suum
1062 1391 1164 1461 cuique
1178 1390 1304 1461 pulchrum

196 1497 241 1535 me
261 1482 335 1536 certe
354 1483 434 1536 tanto
454 1480 551 1535 dolore
571 1481 673 1548 effecit,
691 1483 724 1535 nt
742 1480 963 1536 consolationem
981 1480 1038 1535 fere
1053 1479 1163 1535 nullam
1177 1496 1261 1534 casem
1276 1477 1304 1532 ali

194 1586 279 1639 quam
298 1570 346 1624 diu
365 1568 545 1624 admissurus.
583 1570 621 1623 Et
638 1569 706 1638 quid
723 1570 753 1624 ui
772 1569 911 1638 dolerem,
930 1568 1071 1624 Bilibalde
1090 1569 1148 1624 mi?
1174 1583 1304 1625 oneravere

193 1657 242 1712 illc
261 1674 307 1712 me
327 1658 468 1726 quondam
487 1658 644 1714 immodicis
662 1658 819 1729 promissis,
842 1663 874 1714 ut
893 1658 1006 1729 Carolo,
1029 1657 1107 1713 illius
1127 1676 1161 1714 ex
1179 1674 1268 1715 acrore
1282 1673 1304 1711 us

194 1746 268 1816 poti,
287 1764 452 1817 quoeunque
470 1748 692 1818 proficisceretur
711 1747 865 1803 studiorum
885 1747 985 1818 gratia,
1005 1746 1050 1803 vel
1069 1747 1203 1802 comitem
1221 1745 1263 1801 vel
1279 1744 1304 1798 dr

141 1859 180 1897 sos
195 1853 255 1891 cem
277 1836 371 1905 potius
394 1853 438 1891 me
457 1835 549 1905 ipsum
568 1836 737 1891 exhiberem.
773 1837 810 1890 Et
829 1834 945 1891 Carolus
963 1835 1097 1903 calcaria,
1116 1837 1149 1890 ut
1166 1835 1196 1890 id
1214 1850 1304 1904 agerer

194 1925 365 1980 incessanter
387 1926 564 1981 admovebat.
606 1925 770 1980 Revocabur
793 1942 827 1980 ex
856 1924 984 1995 [ripsensi
1012 1923 1178 1992 Academia,
1205 1923 1304 1993 parete

194 2031 251 2069 nou
278 2013 337 2068 siue
364 2015 488 2070 marimo
515 2030 578 2069 meo
601 2013 792 2081 incommodo,
820 2014 934 2069 interim
961 2030 1026 2068 vero
1055 2030 1111 2068 uon
1139 2012 1223 2067 aliter
1256 2028 1304 2081 qua

196 2104 304 2158 Aeneas
323 2102 396 2157 alter
414 2102 585 2172 virgilianus
603 2105 680 2157 terra
696 2102 820 2158 iactatus
844 2104 873 2158 et
891 2100 959 2157 alto.
997 2102 1070 2169 Quid
1089 2102 1168 2158 aliud
1186 2116 1304 2172 superea

196 2207 282 2261 qnam
305 2193 338 2245 ut
360 2194 502 2246 tantorum
527 2191 655 2246 laborum
678 2191 800 2246 fructum
820 2192 930 2246 etcum
950 2191 1064 2260 quidem
1083 2189 1152 2245 mihi
1171 2190 1304 2260 promisse

196 2280 365 2336 demeterem
384 2279 554 2350 aliquando?
585 2282 645 2334 tam
664 2279 776 2350 amplae
795 2296 858 2350 spes
877 2279 947 2334 mihi
964 2279 1089 2350 perbelle
1109 2279 1277 2349 placebant,
1299 2298 1304 2333 ι

196 2371 306 2437 trapam
324 2386 369 2424 me
388 2385 449 2424 esse
467 2369 603 2438 putabam
623 2368 747 2437 aliquem
764 2369 794 2422 et
811 2368 888 2423 aurei
908 2371 1018 2423 montes
1032 2368 1126 2423 animo
1142 2369 1304 2439 conceptiir

195 2472 240 2509 me
259 2456 462 2527 propemodum
480 2456 602 2512 ferocem
620 2456 808 2511 reddiderant.
837 2457 892 2511 Sed
911 2459 939 2526 (o
953 2457 1069 2512 fallaces
1086 2456 1235 2512 hominum
1256 2473 1304 2528 spe

197 2562 258 2600 eam
282 2545 396 2600 erisiam
420 2545 489 2600 mihi
509 2546 648 2616 depressit
666 2545 747 2599 unius
766 2545 867 2615 eapitis
887 2545 996 2600 iactura
1014 2546 1043 2600 et
1062 2548 1106 2600 est
1123 2547 1195 2601 hacc
1214 2546 1304 2601 fertur

196 2652 252 2689 uon
277 2618 426 2690 mediocris
453 2635 567 2689 invidia.
606 2635 679 2700 Quid
704 2635 738 2690 de
759 2634 859 2689 Carolo
885 2635 955 2688 mihi
979 2635 1148 2704 sperandum
1174 2634 1224 2702 sit,
1254 2651 1290 2688 ne

195 2725 292 2779 multis
312 2741 411 2791 morer,
431 2724 507 2791 audi,
527 2742 576 2793 per
595 2723 688 2778 Musas
707 2725 737 2778 et
755 2723 867 2778 Gratias
885 2726 914 2777 te
933 2740 990 2777 oro.
1019 2723 1106 2778 Erant
1124 2722 1304 2778 sacerdotia]

197 2811 351 2866 minuscula
370 2811 435 2880 duo,
455 2813 500 2881 egi
520 2829 582 2867 eum
601 2830 634 2866 eo
653 2829 703 2883 per
722 2811 845 2879 litteras,
865 2813 1001 2881 quantum
1020 2811 1049 2865 id
1069 2810 1129 2865 lieri
1148 2813 1256 2882 potuit,
1282 2812 1304 2865 di

197 2900 317 2970 gentius,
338 2900 464 2955 fecerunt
481 2901 544 2968 hoc,
562 2917 607 2954 me
622 2899 707 2954 etiam
723 2899 875 2969 nesciente,
894 2899 1008 2954 amiculi
1022 2897 1190 2968 complures,
1210 2903 1243 2954 ut
1257 2903 1304 2954 aet

198 3007 277 3044 meae
300 2989 440 3060 paulatim
463 2988 519 3042 iam
542 2989 746 3059 ingravescenti
770 2990 941 3058 consuleret,
970 2990 1035 3058 post
1053 2991 1097 3044 tot
1116 2989 1279 3044 exanilatos

198 3079 294 3149 bores,
318 3081 459 3148 postiam
478 3076 643 3147 diligentem
663 3077 716 3132 sibi
734 3077 873 3147 plerisque
892 3076 972 3132 anuis
991 3079 1123 3132 navatem
1143 3094 1276 3147 operam,
1294 3097 1304 3148 ι

200 3184 274 3237 esse,
302 3168 413 3222 utiam
437 3167 534 3222 missio
557 3167 628 3221 mihi
647 3167 829 3236 concedatur,
858 3184 912 3235 quo
933 3166 1031 3221 liceret
1048 3182 1099 3236 per
1118 3167 1207 3220 otium
1226 3167 1304 3237 postl

198 3256 296 3311 studiis
316 3256 377 3310 frui.
416 3256 573 3326 Respondit
591 3257 681 3311 illico:
710 3274 739 3311 se
758 3257 862 3312 habere
876 3257 946 3324 iam,
965 3257 1065 3324 quibus
1085 3256 1123 3310 sit
1142 3272 1176 3309 eo
1196 3255 1304 3311 benefic

198 3364 260 3400 rum
280 3361 381 3416 genere
400 3346 615 3415 gratificaturus.
636 3345 786 3415 Ogratum
801 3344 932 3414 discipuli
951 3348 1060 3417 pectus!
1081 3360 1097 3398 o
1116 3343 1240 3412 dubiam,
1260 3344 1304 3398 imi

199 3436 306 3490 unllam
328 3436 423 3505 potius
446 3433 519 3489 inter
541 3434 675 3489 mortales
698 3433 794 3488 fidem!
827 3435 868 3488 ita
891 3433 994 3487 adsunt
1019 3433 1103 3487 isthic
1129 3433 1271 3500 vultures,
1297 3451 1304 3485 ι

198 3526 296 3579 multis
325 3524 408 3580 etiarn
437 3526 502 3578 ante
530 3523 671 3578 mensibus
699 3524 820 3578 cadaver
847 3522 961 3591 aliquod
989 3523 1113 3575 futurum
1141 3521 1303 3591 praesentis

146 3636 185 3674 aaa
200 3615 314 3670 Vtinam
335 3613 390 3667 hoe
403 3611 496 3666 alieno
516 3627 549 3666 ao
568 3628 624 3666 nou
637 3612 693 3666 mei
707 3611 794 3681 ipsius
810 3611 937 3680 exemplo
953 3609 1117 3680 diligentius
1132 3609 1302 3680 praevidisse

273 3738 352 3804 Quod
381 3755 446 3806 qum
474 3736 581 3790 factum
599 3736 724 3805 nonsit,
748 3736 810 3805 quis
829 3751 873 3788 me
892 3735 1037 3805 prohibet,
1061 3733 1128 3803 quin
1147 3751 1246 3789 vocem
1265 3733 1304 3788 ills

199 3843 278 3883 serae
296 3825 461 3896 prudentiae
480 3824 621 3894 nimioque
644 3842 707 3880 meo
731 3825 908 3880 incommodo
928 3828 1037 3894 emptae
1056 3823 1201 3892 emittam,
1224 3821 1304 3876 scilic

200 3933 255 3971 non
278 3917 318 3970 sic
342 3918 479 3985 putaram.
517 3914 695 3984 Dispcream,
723 3912 778 3967 nisi
797 3913 901 3968 centies
921 3915 950 3966 et
968 3930 1001 3968 eo
1020 3911 1140 3982 amplius
1158 3911 1231 3966 illud
1249 3911 1303 3966 heb

201 4009 303 4076 poetae
322 4004 487 4060 vaticinium
505 4021 614 4058 meeum
633 4003 736 4057 tacitus
755 4003 815 4072 ipse
830 4001 1121 4068 submurmuraverim,
1140 4016 1196 4068 quo
1211 3998 1282 4054 serio
1297 4016 1304 4048 ι

200 4097 307 4160 monet,
335 4110 370 4147 ne
394 4091 567 4162 principibus
591 4108 623 4146 ac
646 4091 790 4145 homiuum
815 4091 879 4144 liliis
898 4091 1082 4158 confidamus,
1107 4089 1137 4143 iu
1156 4086 1257 4156 quibus
1272 4085 1304 4141 ni

201 4186 244 4238 cst
262 4185 326 4235 taur·
340 4181 463 4249 firmum,
491 4183 550 4235 tam
569 4180 669 4236 stabile
692 4183 807 4248 tumque
826 4180 942 4246 durans,
961 4179 1036 4248 quod
1054 4195 1110 4232 uon
1131 4176 1168 4232 sit
1186 4177 1304 4246 aliquant

201 4275 230 4326 et
247 4271 277 4325 id
297 4271 408 4339 quidem
428 4271 515 4340 brevi,
533 4270 564 4324 in
581 4270 667 4323 tantis
681 4268 849 4323 felicitatum
863 4269 979 4323 somniis
993 4268 1205 4338 emigraturum.
1228 4266 1304 4320 leam

201 4358 381 4426 lteuchlinus,
401 4358 444 4412 vir
463 4360 499 4413 ob
519 4358 603 4412 trium
617 4356 777 4427 linguarum
791 4357 922 4427 peritiam
937 4355 1149 4411 immortalitate
1164 4355 1271 4426 diguus,
1287 4352 1301 4404 ιι

202 4448 329 4521 proximo
353 4448 409 4502 ianr
432 4465 527 4503 mense
550 4447 638 4503 vitam
663 4464 725 4501 eum
744 4450 833 4500 morte
853 4445 972 4500 feliciter
992 4444 1184 4500 commutavit.
1220 4443 1250 4498 Id
1267 4455 1304 4511 qul
