2836 5034
166 338 233 406 420
457 351 717 404 caonaaouuur
742 350 1028 403 unaamouravs

168 503 209 568 E.
227 503 330 566 iiiiaor
348 500 378 565 h.
400 522 425 565 e.
444 501 556 566 Minor
574 506 607 567 et
625 501 797 568 Eacssnu
814 522 973 584 personae
992 502 1071 565 nota
1088 502 1194 565 omum:
1209 499 1263 564 unde

167 610 263 674 unius
292 610 436 693 syllabae
466 610 644 675 adiectione
672 611 719 674 sic
746 615 836 675 totus
864 631 978 674 versus
1008 607 1181 694 integritati
1203 608 1263 672 resti·

168 716 322 781 tuendus:

256 857 363 923 Minor
385 861 641 945 intermindrque
665 882 705 925 ne
728 861 801 945 quis
825 864 911 925 minc
935 858 980 923 mi
999 859 1160 944 opstiterit
1176 859 1262 922 obnisa

167 1002 219 1065 vel
246 1002 329 1066 aiibi
356 1005 421 1066 ium
448 1004 598 1067 obstiterit
623 1004 760 1068 obuium.
807 1001 876 1068 Nec
905 1001 1053 1088 profecto
1084 1001 1162 1065 satis
1186 1005 1265 1064 cortun

168 1108 231 1172 dici
255 1109 428 1174 Asinariae
453 1105 636 1194 exemplum
659 1114 769 1194 potest
791 1109 816 1193 l,
842 1113 869 1193 1,
892 1110 950 1175 48:

35 1266 155 1307 cmm
258 1248 377 1315 Fateor
401 1273 471 1316 eam
496 1274 565 1317 esse
589 1254 810 1338 importunam
834 1255 930 1337 atque
953 1250 1198 1316 incommodam:

167 1393 235 1456 sive
263 1394 349 1459 enim
377 1398 422 1459 arai
449 1397 499 1461 vel
530 1401 606 1479 post
632 1417 700 1460 eoru
724 1396 774 1460 vel
798 1399 873 1478 post
895 1395 1108 1475 importunam
1131 1390 1275 1473 inseruev'q

167 1501 234 1565 sive
257 1491 408 1587 epo'post
428 1503 537 1587 fateor,
566 1526 632 1568 non
655 1500 872 1568 reiectaneum
896 1501 937 1565 ab
961 1500 1055 1565 initio
1079 1500 1237 1585 proceleus

167 1607 268 1672 ticum
286 1608 433 1687 habebis,
457 1610 525 1674 sive
543 1612 588 1673 mi
607 1615 682 1674 ante
700 1631 768 1674 eum
788 1606 957 1688 addideris,
980 1628 1166 1671 mensuram
1183 1628 1235 1690 pro

166 1714 391 1800 legitimam)
430 1716 507 1792 Plus
531 1717 676 1799 scrupuli
699 1716 803 1780 fateor
822 1713 1032 1798 Captivorum
1056 1735 1188 1777 versum
1204 1712 1253 1793 lll,

170 1821 210 1885 15
234 1821 353 1886 inicere
377 1824 428 1888 his
453 1824 550 1908 vulgo
581 1824 688 1889 verbis
716 1823 941 1887 terminatum:
970 1820 1133 1885 indebiadr
1160 1821 1247 1885 ustit'

169 1925 290 1992 Verum
314 1930 402 1995 illius
427 1953 562 1996 scaenae
586 1932 707 1996 exitum
736 1951 797 2015 ego
828 1929 957 2014 quidem
988 1950 1183 2012 persuasum
1211 1928 1247 1992 ha

167 2032 264 2119 longe
292 2038 496 2121 gravissimis
526 2039 713 2103 vulneribus
741 2036 899 2102 afflictum
927 2057 1007 2101 esse.
1052 2032 1123 2100 Nec
1153 2035 1235 2099 enim

168 2144 345 2208 sententiae
368 2146 403 2210 iu
422 2147 494 2230 ipso
513 2147 576 2211 fine
595 2153 681 2211 recte
700 2135 880 2230 procedunt
896 2165 956 2207 nec
976 2142 1185 2227 singulorum
1203 2139 1254 2226 ped

167 2268 320 2314 mensura
343 2257 481 2336 constat,
504 2275 563 2317 nec
587 2253 652 2317 ullo
678 2252 773 2316 modo
798 2250 933 2316 noviciis
953 2249 1135 2313 editoribus
1156 2248 1233 2313 illud

167 2354 305 2420 dendum
336 2363 399 2441 est,
427 2364 502 2443 post
529 2359 717 2424 incohatum
747 2376 778 2422 v.
807 2358 845 2422 10
867 2356 1051 2441 legitimum
1083 2359 1223 2419 metrum

166 2460 314 2527 chaicum
342 2487 400 2547 per
428 2466 548 2531 mixtos
577 2488 594 2530 e
622 2462 791 2530 trochaico'
815 2469 847 2528 et
878 2462 1018 2527 iambico
1048 2483 1172 2546 genere
1200 2485 1234 2525 ve

167 2590 284 2653 eosque
308 2570 388 2636 adeo
413 2574 572 2654 scaenica,
595 2572 791 2636 breviculam
817 2591 966 2634 scaenam
990 2569 1030 2632 ad
1061 2570 1162 2632 finem
1187 2567 1255 2653 perd

167 2676 255 2739 nullo
276 2679 374 2741 animi
395 2685 523 2762 praeter
541 2680 674 2743 solitum
695 2679 848 2743 concitati
868 2678 982 2741 affectu
1003 2677 1179 2741 variatam.
1209 2677 1233 2753 Q

167 2786 343 2847 metrorum
367 2785 535 2868 discriptio
560 2808 623 2870 quo
647 2788 698 2848 est
720 2784 924 2866 insolentior,
953 2805 990 2846 eo
1015 2782 1173 2846 fidentius
1200 2783 1257 2865 aliq

167 2889 348 2954 audendum
374 2896 423 2955 est
445 2894 563 2975 potina,
587 2914 683 2975 quam
707 2890 940 2955 defendendum
964 2889 1119 2973 ignavius
1140 2890 1260 2973 quodp

168 2995 339 3060 babilitate
368 3003 484 3063 careat.
529 2998 643 3081 ltaque
673 3020 745 3062 cum
774 2998 905 3061 illorum
935 3017 1086 3058 versuum
1121 2997 1155 3059 in
1185 2997 1219 3060 B

168 3103 291 3185 species
317 3105 372 3167 sit:

254 3244 366 3329 Neque
386 3247 451 3310 iam
472 3249 558 3312 salus
578 3270 707 3311 seruare
727 3248 754 3311 si
775 3248 845 3311 uolt
863 3269 913 3310 me
937 3247 1047 3328 potest
1070 3267 1133 3308 nec
1155 3247 1249 3331 copia

255 3353 327 3416 Nisi
353 3354 380 3416 si
406 3354 548 3437 aliquam
573 3356 667 3418 corde
691 3355 859 3419 machinor
883 3353 1049 3416 astuciam.

256 3460 326 3535 Qua
355 3461 476 3524 malum
505 3462 580 3544 quid
610 3462 777 3527 machiner
804 3461 880 3545 quid
904 3458 1137 3523 comminiscar
1162 3460 1256 3545 mari,

255 3566 368 3650 Nugas
393 3568 531 3650 ineptias
555 3570 708 3652 incipisse
732 3569 862 3632 haereo:

167 3710 436 3793 quemadmodum
460 3712 674 3775 certissimum
700 3712 844 3775 omnium
867 3713 946 3794 puto
970 3709 1131 3774 stammas
1156 3715 1191 3775 et
1215 3712 1252 3774 aa

167 3816 398 3881 vocabulorum
423 3819 513 3882 sedes
538 3821 738 3901 permutatas
764 3840 843 3901 esse,
866 3818 913 3881 ita
932 3817 971 3880 ad
991 3817 1173 3882 secundum
1196 3842 1237 3902 qu

167 3947 296 3988 versum
326 3925 449 4009 aliquid
478 3926 648 3990 turbarum
677 3925 869 4008 pertinuisse
893 3924 1060 4007 intellego,
1110 3924 1199 3990 Vide
1223 3924 1265 4010 igi

166 4118 251 4169 quam
271 4103 376 4155 eariaor
395 4103 556 4171 suspectum
575 4117 678 4156 nomen
697 4101 826 4155 eminutio
845 4100 879 4154 de
898 4098 990 4152 medio
1010 4099 1117 4156 tollere
1138 4102 1221 4171 Capt.
1240 4086 1303 4161 ua

167 4197 212 4244 19:
233 4191 307 4258 quod
325 4191 381 4245 huc
401 4191 565 4260 corrigendo
585 4192 629 4244 est
646 4190 766 4257 illatum,
785 4192 936 4258 postquam
956 4206 981 4243 v.
999 4195 1030 4241 11
1051 4192 1149 4245 missor
1168 4192 1200 4246 in
1218 4191 1303 4245 mim

165 4296 230 4333 casu
250 4282 380 4334 verterat.
419 4278 531 4334 Excidit
548 4279 601 4333 nisi
620 4279 704 4334 fallor
722 4296 787 4332 aum
806 4282 870 4332 ante
888 4279 958 4332 min:

289 4369 366 4433 Quae
385 4368 469 4423 illaec
487 4385 552 4421 nam
571 4368 733 4423 minatiost?
753 4385 817 4422 nam
837 4368 945 4436 nequeo
964 4365 1063 4421 mirari
1084 4371 1192 4442 satis.’]

254 4476 279 4544 *)
300 4475 355 4545 [‘F
355 4477 447 4530 utebar
466 4475 688 4530 restituendum)
719 4475 890 4529 Rilschelius
909 4473 938 4527 in
958 4491 1022 4530 ann.
1043 4476 1082 4530 ad
1104 4477 1165 4533 Mil.
1186 4477 1258 4549 obt]
