2836 5034
418 39 546 115 omicoS,
574 39 646 96 sunt
673 53 748 112 quos·
777 39 927 112 suspicor,
956 39 1064 94 tamen
1093 39 1190 93 facilc
1213 38 1353 93 sentitur
1376 39 1418 92 et

419 141 529 204 vosins
553 140 618 203 vim
646 138 883 202 contrariorum
908 137 1012 200 efferri
1036 136 1082 199 sic
1111 120 1231 200 verbis
1247 159 1320 199 cum
1352 134 1414 198 Am

304 273 404 312 ocnxx
420 246 591 310 ordinatis:
623 243 705 308 Sunt
735 244 810 325 quo's
837 245 898 308 scio
926 244 1040 307 amr'cos
1066 244 1193 327 e'ssc*),
1220 248 1295 306 sum
1320 264 1398 323 quos

418 351 517 417 Cuius
550 352 594 416 rei
625 352 651 414 si
680 374 761 436 quac
789 373 904 415 caussa
931 351 974 414 sit
1002 351 1191 434 quaesieris,
1223 371 1290 414 non
1323 350 1412 414 videt

420 457 605 540 responderi
634 480 743 540 posse,
771 459 835 521 nisi
862 458 949 541 quod
978 457 1146 540 aliquanto
1174 456 1248 538 plus
1277 457 1418 540 gravita

420 588 517 648 quam
541 564 644 628 altera
667 566 750 628 arsis
774 566 927 648 cuiusque
946 563 1094 646 dipodiae
1113 562 1241 627 habeat.
1278 562 1325 627 Et
1345 563 1378 626 fc

420 672 517 735 aliam
542 672 583 735 ob
607 693 753 735 caussam
778 671 865 735 Trin.
890 694 918 734 v.
942 671 985 734 95
1008 673 1123 753 poetae
1147 670 1226 733 haec
1251 670 1418 734 collocati

419 778 456 842 Si
478 780 554 860 quid
575 781 633 842 scis
654 780 704 842 me
724 780 830 859 secisse
852 780 959 842 inscite
981 783 1037 840 cut
1060 777 1194 858 improbe
1215 797 1292 860 prae
1317 798 1357 839 ea
1380 799 1402 860 q

421 885 517 948 mirer
541 887 568 949 si
592 887 663 970 quis
688 885 1002 970 praestaredixcrit:
1026 885 1063 948 Si
1085 887 1162 966 qnid
1180 885 1287 964 sociam
1308 887 1370 947 scic
1393 907 1417 947 ιι

386 1079 395 1087 κ
419 998 473 1056 out
496 994 639 1076 improbe,
661 998 698 1057 ut
720 1015 784 1077 qua
808 994 915 1076 aptius
936 993 1157 1076 supprimatur
1175 992 1256 1056 satis
1276 991 1374 1055 exilis

420 1099 624 1184 Quamquam
652 1101 763 1164 eadem
792 1121 868 1163 sane
896 1100 995 1164 ctiam
1026 1101 1072 1164 sic
1099 1103 1185 1164 recte
1213 1100 1398 1164 delitescet:

419 1189 797 1287 msdssemmss...

873 1458 985 1505 crpus
1009 1439 1111 1505 XVII.
1170 1441 1176 1452 '

508 1581 713 1645 Paenultimo
747 1583 852 1666 capite
885 1583 923 1646 de
956 1583 1186 1647 vocabulorum
1223 1580 1337 1647 formis
1374 1606 1417 1668 eg

419 1689 515 1771 pedes
539 1689 691 1753 metricos
720 1690 948 1773 aequantibus:
977 1693 1122 1774 superest
1150 1694 1187 1753 ut
1213 1689 1252 1753 de
1280 1690 1363 1773 ipsis
1405 1720 1412 1748 ι

418 1795 578 1877 pedibus
607 1795 746 1880 dicatur,
775 1818 912 1880 quorum
940 1797 1175 1881 compositione
1199 1817 1310 1860 versus
1341 1797 1410 1862 fiun

418 1921 539 1983 genera
562 1924 634 1965 cnm
658 1903 848 1986 plerumque
872 1926 938 1968 non
961 1904 1042 1968 satis
1065 1904 1151 1968 inter
1180 1924 1213 1967 sc
1242 1903 1413 1989 distingna

417 2011 454 2070 ut
481 2009 585 2073 multa
613 2008 651 2072 de
679 2011 815 2093 pedibus
843 2012 1084 2095 praecipiantur
1106 2015 1143 2074 ut
1166 2010 1217 2074 vel
1241 2032 1315 2074 raro
1340 2011 1417 2075 adm

417 2136 551 2196 prorsus
582 2116 707 2199 vitatis,
740 2140 821 2200 quae
852 2117 885 2180 in
916 2117 1002 2181 solas
1032 2117 1265 2182 vocabulorum
1296 2117 1416 2181 form

419 2242 473 2284 eos
493 2221 590 2304 pedes
611 2229 795 2305 aequantes.
833 2223 932 2287 Velut
950 2247 1022 2288 cum
1045 2224 1202 2308 plurimas
1226 2225 1395 2289 cantiones

416 2326 517 2389 bicis
546 2329 716 2392 senariis
744 2330 863 2394 habere
888 2331 1094 2414 anapaesti
1122 2353 1200 2394 usus
1225 2330 1356 2395 dicitnr:
1385 2353 1418 2413 p:

416 2432 487 2495 dem
513 2436 712 2517 anapaestici
736 2458 812 2500 usus
837 2439 1071 2521 propemodum
1096 2437 1203 2500 nullas
1228 2437 1342 2520 habet,
1373 2438 1404 2501 lo
