<?xml version="1.0" encoding="UTF-8"?>
<!DOCTYPE html PUBLIC "-//W3C//DTD XHTML 1.0 Transitional//EN"
    "http://www.w3.org/TR/xhtml1/DTD/xhtml1-transitional.dtd">
<html xmlns="http://www.w3.org/1999/xhtml" xml:lang="en" lang="en">
 <head>
  <title>
</title>
<meta http-equiv="Content-Type" content="text/html;charset=utf-8" />
  <meta name='ocr-system' content='tesseract 3.04.00' />
  <meta name='ocr-capabilities' content='ocr_page ocr_carea ocr_par ocr_line ocrx_word'/>
</head>
<body>
  <div class='ocr_page' id='page_1' title='image "./fridericiritsch00ritsgoog_0324.png"; bbox 0 0 2836 5034; ppageno 0'>
   <div class='ocr_carea' id='block_1_1' title="bbox 194 298 1047 366">
    <p class='ocr_par' dir='ltr' id='par_1_1' title="bbox 194 298 1047 366">
     <span class='ocr_line' id='line_1_1' title="bbox 194 298 1047 366; baseline 0.004 -4"><span class='ocrx_word' id='word_1_1' title='bbox 194 298 259 363; x_wconf 75' lang='lat'>302</span> <span class='ocrx_word' id='word_1_2' title='bbox 482 315 741 365; x_wconf 80' lang='lat' dir='ltr'>rnonnoouaua</span> <span class='ocrx_word' id='word_1_3' title='bbox 762 316 810 364; x_wconf 85' lang='lat' dir='ltr'>na</span> <span class='ocrx_word' id='word_1_4' title='bbox 834 314 1047 366; x_wconf 80' lang='lat' dir='ltr'>sariormvs</span> 
     </span>
    </p>
   </div>
   <div class='ocr_carea' id='block_1_2' title="bbox 138 457 1310 3430">
    <p class='ocr_par' dir='ltr' id='par_1_2' title="bbox 138 457 1310 3430">
     <span class='ocr_line' id='line_1_2' title="bbox 195 457 1294 545; baseline 0.004 -24"><span class='ocrx_word' id='word_1_5' title='bbox 195 460 307 541; x_wconf 89' lang='lat' dir='ltr'>posset</span> <span class='ocrx_word' id='word_1_6' title='bbox 333 460 366 521; x_wconf 86' lang='lat' dir='ltr'>et</span> <span class='ocrx_word' id='word_1_7' title='bbox 392 457 529 522; x_wconf 89' lang='lat' dir='ltr'>lacinias</span> <span class='ocrx_word' id='word_1_8' title='bbox 556 459 666 543; x_wconf 92' lang='lat' dir='ltr'>potius</span> <span class='ocrx_word' id='word_1_9' title='bbox 690 460 848 544; x_wconf 90' lang='lat' dir='ltr'>quasdam</span> <span class='ocrx_word' id='word_1_10' title='bbox 871 481 1024 525; x_wconf 91' lang='lat' dir='ltr'>versuum</span> <span class='ocrx_word' id='word_1_11' title='bbox 1047 479 1146 545; x_wconf 86' lang='lat' dir='ltr'>quam</span> <span class='ocrx_word' id='word_1_12' title='bbox 1166 457 1294 525; x_wconf 84' lang='lat' dir='ltr'>verborum</span> 
     </span>
     <span class='ocr_line' id='line_1_3' title="bbox 195 552 1294 633; baseline 0.001 -4"><span class='ocrx_word' id='word_1_13' title='bbox 195 564 444 630; x_wconf 77' lang='lat' dir='ltr'>continuitatem</span> <span class='ocrx_word' id='word_1_14' title='bbox 471 569 621 632; x_wconf 88' lang='lat' dir='ltr'>servaret.</span> <span class='ocrx_word' id='word_1_15' title='bbox 668 566 840 633; x_wconf 90' lang='lat' dir='ltr'>Praeterea</span> <span class='ocrx_word' id='word_1_16' title='bbox 868 552 977 633; x_wconf 83' lang='lat' dir='ltr'>autem</span> <span class='ocrx_word' id='word_1_17' title='bbox 1006 566 1072 632; x_wconf 87' lang='lat' dir='ltr'>alio</span> <span class='ocrx_word' id='word_1_18' title='bbox 1100 565 1218 630; x_wconf 83' lang='lat' dir='ltr'>invecto</span> <span class='ocrx_word' id='word_1_19' title='bbox 1234 564 1294 631; x_wconf 85' lang='lat' dir='ltr'>hhu-</span> 
     </span>
     <span class='ocr_line' id='line_1_4' title="bbox 194 670 1295 758; baseline 0.001 -23"><span class='ocrx_word' id='word_1_20' title='bbox 194 672 300 736; x_wconf 90' lang='lat' dir='ltr'>larum</span> <span class='ocrx_word' id='word_1_21' title='bbox 323 672 436 736; x_wconf 84' lang='lat' dir='ltr'>ordine</span> <span class='ocrx_word' id='word_1_22' title='bbox 458 673 489 738; x_wconf 94' lang='lat' dir='ltr'>h.</span> <span class='ocrx_word' id='word_1_23' title='bbox 513 694 539 736; x_wconf 92' lang='lat' dir='ltr'>e.</span> <span class='ocrx_word' id='word_1_24' title='bbox 564 695 601 738; x_wconf 92' lang='lat' dir='ltr'>eo</span> <span class='ocrx_word' id='word_1_25' title='bbox 627 674 682 758; x_wconf 92' lang='lat' dir='ltr'>qui</span> <span class='ocrx_word' id='word_1_26' title='bbox 704 695 791 739; x_wconf 92' lang='lat' dir='ltr'>nunc</span> <span class='ocrx_word' id='word_1_27' title='bbox 815 674 951 758; x_wconf 73' lang='lat' dir='ltr'>obtinet,</span> <span class='ocrx_word' id='word_1_28' title='bbox 972 670 1151 748; x_wconf 72' lang='lat' dir='ltr'><strong>Bacchides</strong></span> <span class='ocrx_word' id='word_1_29' title='bbox 1172 671 1211 737; x_wconf 84' lang='lat' dir='ltr'>ab</span> <span class='ocrx_word' id='word_1_30' title='bbox 1227 672 1295 737; x_wconf 77' lang='lat' dir='ltr'>duln-</span> 
     </span>
     <span class='ocr_line' id='line_1_5' title="bbox 194 777 1298 865; baseline 0.002 -24"><span class='ocrx_word' id='word_1_31' title='bbox 194 777 295 843; x_wconf 91' lang='lat' dir='ltr'>lariae</span> <span class='ocrx_word' id='word_1_32' title='bbox 319 779 473 844; x_wconf 89' lang='lat' dir='ltr'>societate</span> <span class='ocrx_word' id='word_1_33' title='bbox 496 779 657 845; x_wconf 80' lang='lat' dir='ltr'><strong>divulsam</strong></span> <span class='ocrx_word' id='word_1_34' title='bbox 679 781 866 865; x_wconf 74' lang='lat' dir='ltr'><strong>postposuit</strong></span> <span class='ocrx_word' id='word_1_35' title='bbox 888 780 1039 865; x_wconf 80' lang='lat' dir='ltr'>Epidico:</span> <span class='ocrx_word' id='word_1_36' title='bbox 1073 799 1138 863; x_wconf 90' lang='lat' dir='ltr'>quo</span> <span class='ocrx_word' id='word_1_37' title='bbox 1159 777 1258 843; x_wconf 72' lang='lat' dir='ltr'>facum</span> <span class='ocrx_word' id='word_1_38' title='bbox 1273 784 1298 843; x_wconf 87' lang='lat' dir='ltr'>rt</span> 
     </span>
     <span class='ocr_line' id='line_1_6' title="bbox 193 885 1299 972; baseline 0.002 -24"><span class='ocrx_word' id='word_1_39' title='bbox 193 905 279 950; x_wconf 91' lang='lat' dir='ltr'>nuno</span> <span class='ocrx_word' id='word_1_40' title='bbox 307 885 388 951; x_wconf 89' lang='lat' dir='ltr'>duae</span> <span class='ocrx_word' id='word_1_41' title='bbox 416 887 552 952; x_wconf 91' lang='lat' dir='ltr'>lacunae</span> <span class='ocrx_word' id='word_1_42' title='bbox 579 909 649 952; x_wconf 90' lang='lat' dir='ltr'>esse</span> <span class='ocrx_word' id='word_1_43' title='bbox 672 888 858 971; x_wconf 90' lang='lat' dir='ltr'>videantur,</span> <span class='ocrx_word' id='word_1_44' title='bbox 889 909 973 972; x_wconf 90' lang='lat' dir='ltr'>quae</span> <span class='ocrx_word' id='word_1_45' title='bbox 995 908 1063 951; x_wconf 91' lang='lat' dir='ltr'>una</span> <span class='ocrx_word' id='word_1_46' title='bbox 1085 885 1151 950; x_wconf 89' lang='lat' dir='ltr'>fuit</span> <span class='ocrx_word' id='word_1_47' title='bbox 1171 885 1299 968; x_wconf 83' lang='lat' dir='ltr'>utn&#39;usque</span> 
     </span>
     <span class='ocr_line' id='line_1_7' title="bbox 194 991 1298 1078; baseline 0.002 -23"><span class='ocrx_word' id='word_1_48' title='bbox 194 991 325 1058; x_wconf 90' lang='lat' dir='ltr'>fabulae</span> <span class='ocrx_word' id='word_1_49' title='bbox 353 995 542 1059; x_wconf 87' lang='lat' dir='ltr'>communis.</span> <span class='ocrx_word' id='word_1_50' title='bbox 588 993 748 1060; x_wconf 79' lang='lat' dir='ltr'>Pristinus</span> <span class='ocrx_word' id='word_1_51' title='bbox 776 996 862 1060; x_wconf 92' lang='lat' dir='ltr'>enim</span> <span class='ocrx_word' id='word_1_52' title='bbox 890 995 983 1078; x_wconf 89' lang='lat' dir='ltr'>ordo,</span> <span class='ocrx_word' id='word_1_53' title='bbox 1015 1014 1085 1058; x_wconf 91' lang='lat' dir='ltr'>non</span> <span class='ocrx_word' id='word_1_54' title='bbox 1106 991 1208 1057; x_wconf 88' lang='lat' dir='ltr'>dicam</span> <span class='ocrx_word' id='word_1_55' title='bbox 1225 991 1298 1076; x_wconf 86' lang='lat' dir='ltr'>qualis</span> 
     </span>
     <span class='ocr_line' id='line_1_8' title="bbox 195 1097 1300 1186; baseline 0.001 -24"><span class='ocrx_word' id='word_1_56' title='bbox 195 1097 302 1183; x_wconf 85' lang='lat' dir='ltr'>fuerit,</span> <span class='ocrx_word' id='word_1_57' title='bbox 325 1100 380 1165; x_wconf 91' lang='lat' dir='ltr'>sed</span> <span class='ocrx_word' id='word_1_58' title='bbox 404 1101 509 1186; x_wconf 90' lang='lat' dir='ltr'>qualis</span> <span class='ocrx_word' id='word_1_59' title='bbox 532 1100 607 1185; x_wconf 81' lang='lat' dir='ltr'>lere,</span> <span class='ocrx_word' id='word_1_60' title='bbox 633 1101 736 1166; x_wconf 90' lang='lat' dir='ltr'>conici</span> <span class='ocrx_word' id='word_1_61' title='bbox 760 1124 799 1167; x_wconf 86' lang='lat' dir='ltr'>ex</span> <span class='ocrx_word' id='word_1_62' title='bbox 820 1102 1040 1168; x_wconf 83' lang='lat' dir='ltr'>Ambrosiano</span> <span class='ocrx_word' id='word_1_63' title='bbox 1064 1103 1184 1186; x_wconf 81' lang='lat' dir='ltr'>potest,</span> <span class='ocrx_word' id='word_1_64' title='bbox 1202 1098 1300 1184; x_wconf 83' lang='lat' dir='ltr'>qnihoe</span> 
     </span>
     <span class='ocr_line' id='line_1_9' title="bbox 195 1205 1300 1293; baseline -0.001 -23"><span class='ocrx_word' id='word_1_65' title='bbox 195 1206 292 1291; x_wconf 85' lang='lat' dir='ltr'>longe</span> <span class='ocrx_word' id='word_1_66' title='bbox 316 1206 442 1272; x_wconf 91' lang='lat' dir='ltr'>diverso</span> <span class='ocrx_word' id='word_1_67' title='bbox 466 1210 640 1275; x_wconf 89' lang='lat' dir='ltr'>collocatas</span> <span class='ocrx_word' id='word_1_68' title='bbox 664 1209 792 1275; x_wconf 90' lang='lat' dir='ltr'>habuit:</span> <span class='ocrx_word' id='word_1_69' title='bbox 815 1213 880 1274; x_wconf 90' lang='lat' dir='ltr'>tres</span> <span class='ocrx_word' id='word_1_70' title='bbox 903 1209 1035 1293; x_wconf 88' lang='lat' dir='ltr'>primas,</span> <span class='ocrx_word' id='word_1_71' title='bbox 1059 1205 1236 1288; x_wconf 89' lang='lat' dir='ltr'>Bacchides,</span> <span class='ocrx_word' id='word_1_72' title='bbox 1252 1226 1300 1269; x_wconf 86' lang='lat' dir='ltr'>ern</span> 
     </span>
     <span class='ocr_line' id='line_1_10' title="bbox 196 1310 1299 1400; baseline -0.002 -22"><span class='ocrx_word' id='word_1_73' title='bbox 196 1311 388 1379; x_wconf 81' lang='lat' dir='ltr'>Curculione</span> <span class='ocrx_word' id='word_1_74' title='bbox 413 1312 583 1399; x_wconf 77' lang='lat' dir='ltr'>Captivos,</span> <span class='ocrx_word' id='word_1_75' title='bbox 606 1313 759 1381; x_wconf 84' lang='lat' dir='ltr'>Casinam</span> <span class='ocrx_word' id='word_1_76' title='bbox 782 1314 1000 1381; x_wconf 80' lang='lat' dir='ltr'>Cistellariam</span> <span class='ocrx_word' id='word_1_77' title='bbox 1022 1313 1196 1400; x_wconf 80' lang='lat' dir='ltr'>Epidicum</span> <span class='ocrx_word' id='word_1_78' title='bbox 1215 1310 1299 1377; x_wconf 73' lang='lat' dir='ltr'>Mea</span> 
     </span>
     <span class='ocr_line' id='line_1_11' title="bbox 195 1419 1301 1509; baseline -0.002 -24"><span class='ocrx_word' id='word_1_79' title='bbox 195 1424 300 1486; x_wconf 88' lang='lat' dir='ltr'>torem</span> <span class='ocrx_word' id='word_1_80' title='bbox 323 1419 557 1488; x_wconf 87' lang='lat' dir='ltr'>Mostellariam</span> <span class='ocrx_word' id='word_1_81' title='bbox 580 1422 719 1488; x_wconf 87' lang='lat' dir='ltr'>Militem</span> <span class='ocrx_word' id='word_1_82' title='bbox 738 1423 917 1509; x_wconf 82' lang='lat' dir='ltr'>gloriosum</span> <span class='ocrx_word' id='word_1_83' title='bbox 939 1421 1171 1488; x_wconf 85' lang='lat' dir='ltr'>Menaechmus</span> <span class='ocrx_word' id='word_1_84' title='bbox 1192 1419 1301 1485; x_wconf 75' lang='lat' dir='ltr'>Trium</span> 
     </span>
     <span class='ocr_line' id='line_1_12' title="bbox 196 1526 1303 1595; baseline -0.001 -4"><span class='ocrx_word' id='word_1_85' title='bbox 196 1550 284 1591; x_wconf 90' lang='lat' dir='ltr'>mum</span> <span class='ocrx_word' id='word_1_86' title='bbox 308 1527 540 1594; x_wconf 81' lang='lat' dir='ltr'>Truculentum</span> <span class='ocrx_word' id='word_1_87' title='bbox 558 1530 760 1595; x_wconf 89' lang='lat' dir='ltr'>Vidulariam</span> <span class='ocrx_word' id='word_1_88' title='bbox 784 1529 964 1595; x_wconf 90' lang='lat' dir='ltr'>Poenulum</span> <span class='ocrx_word' id='word_1_89' title='bbox 986 1529 1122 1595; x_wconf 90' lang='lat' dir='ltr'>Persam</span> <span class='ocrx_word' id='word_1_90' title='bbox 1146 1526 1303 1594; x_wconf 78' lang='lat' dir='ltr'>Pseudolus</span> 
     </span>
     <span class='ocr_line' id='line_1_13' title="bbox 196 1633 1304 1723; baseline -0.003 -25"><span class='ocrx_word' id='word_1_91' title='bbox 196 1634 375 1700; x_wconf 84' lang='lat' dir='ltr'>Rudentem</span> <span class='ocrx_word' id='word_1_92' title='bbox 400 1634 559 1702; x_wconf 78' lang='lat' dir='ltr'>Stichum:</span> <span class='ocrx_word' id='word_1_93' title='bbox 592 1661 687 1723; x_wconf 91' lang='lat' dir='ltr'>quem</span> <span class='ocrx_word' id='word_1_94' title='bbox 717 1637 845 1723; x_wconf 89' lang='lat' dir='ltr'>quidem</span> <span class='ocrx_word' id='word_1_95' title='bbox 873 1636 1018 1702; x_wconf 88' lang='lat' dir='ltr'>ordinem</span> <span class='ocrx_word' id='word_1_96' title='bbox 1046 1635 1119 1701; x_wconf 90' lang='lat' dir='ltr'>falli</span> <span class='ocrx_word' id='word_1_97' title='bbox 1142 1658 1207 1702; x_wconf 91' lang='lat' dir='ltr'>non</span> <span class='ocrx_word' id='word_1_98' title='bbox 1226 1633 1304 1698; x_wconf 85' lang='lat' dir='ltr'>videor</span> 
     </span>
     <span class='ocr_line' id='line_1_14' title="bbox 138 1741 1309 1828; baseline 0.002 -24"><span class='ocrx_word' id='word_1_99' title='bbox 138 1765 180 1803; x_wconf 82' lang='lat' dir='ltr'>xa</span> <span class='ocrx_word' id='word_1_100' title='bbox 195 1763 268 1805; x_wconf 93' lang='lat' dir='ltr'>cum</span> <span class='ocrx_word' id='word_1_101' title='bbox 291 1743 339 1806; x_wconf 83' lang='lat' dir='ltr'>ita</span> <span class='ocrx_word' id='word_1_102' title='bbox 360 1743 568 1828; x_wconf 89' lang='lat' dir='ltr'>interpretor,</span> <span class='ocrx_word' id='word_1_103' title='bbox 591 1749 716 1810; x_wconf 92' lang='lat' dir='ltr'>utnon</span> <span class='ocrx_word' id='word_1_104' title='bbox 736 1746 898 1827; x_wconf 87' lang='lat' dir='ltr'>consulto,</span> <span class='ocrx_word' id='word_1_105' title='bbox 921 1744 976 1809; x_wconf 90' lang='lat' dir='ltr'>sed</span> <span class='ocrx_word' id='word_1_106' title='bbox 1000 1744 1110 1828; x_wconf 90' lang='lat' dir='ltr'>aliquo</span> <span class='ocrx_word' id='word_1_107' title='bbox 1135 1765 1210 1809; x_wconf 88' lang='lat' dir='ltr'>casu</span> <span class='ocrx_word' id='word_1_108' title='bbox 1230 1741 1309 1824; x_wconf 72' lang='lat' dir='ltr'>sinp-</span> 
     </span>
     <span class='ocr_line' id='line_1_15' title="bbox 195 1846 1308 1916; baseline 0 -5"><span class='ocrx_word' id='word_1_109' title='bbox 195 1848 257 1912; x_wconf 92' lang='lat' dir='ltr'>lari</span> <span class='ocrx_word' id='word_1_110' title='bbox 280 1853 347 1914; x_wconf 88' lang='lat' dir='ltr'>tres</span> <span class='ocrx_word' id='word_1_111' title='bbox 369 1849 497 1916; x_wconf 88' lang='lat' dir='ltr'>fabulas</span> <span class='ocrx_word' id='word_1_112' title='bbox 521 1855 681 1916; x_wconf 89' lang='lat' dir='ltr'>extremas</span> <span class='ocrx_word' id='word_1_113' title='bbox 706 1851 931 1916; x_wconf 88' lang='lat' dir='ltr'>Trinummum</span> <span class='ocrx_word' id='word_1_114' title='bbox 953 1850 1185 1915; x_wconf 81' lang='lat' dir='ltr'>Truculentum</span> <span class='ocrx_word' id='word_1_115' title='bbox 1206 1846 1308 1913; x_wconf 70' lang='lat' dir='ltr'>Viduli-</span> 
     </span>
     <span class='ocr_line' id='line_1_16' title="bbox 197 1952 1308 2042; baseline -0.001 -24"><span class='ocrx_word' id='word_1_116' title='bbox 197 1954 279 2019; x_wconf 91' lang='lat' dir='ltr'>riam</span> <span class='ocrx_word' id='word_1_117' title='bbox 309 1954 414 2020; x_wconf 87' lang='lat' dir='ltr'>dicam</span> <span class='ocrx_word' id='word_1_118' title='bbox 444 1959 643 2042; x_wconf 90' lang='lat' dir='ltr'>superiorem</span> <span class='ocrx_word' id='word_1_119' title='bbox 673 1959 708 2022; x_wconf 92' lang='lat' dir='ltr'>in</span> <span class='ocrx_word' id='word_1_120' title='bbox 737 1959 845 2023; x_wconf 90' lang='lat' dir='ltr'>locum</span> <span class='ocrx_word' id='word_1_121' title='bbox 871 1956 1049 2042; x_wconf 88' lang='lat' dir='ltr'>irrepsisse.</span> <span class='ocrx_word' id='word_1_122' title='bbox 1096 1957 1142 2022; x_wconf 85' lang='lat' dir='ltr'>Et</span> <span class='ocrx_word' id='word_1_123' title='bbox 1164 1952 1308 2022; x_wconf 74' lang='lat' dir='ltr'>Bacchides</span> 
     </span>
     <span class='ocr_line' id='line_1_17' title="bbox 196 2057 1310 2150; baseline 0 -25"><span class='ocrx_word' id='word_1_124' title='bbox 196 2061 326 2145; x_wconf 90' lang='lat' dir='ltr'>quidem</span> <span class='ocrx_word' id='word_1_125' title='bbox 353 2063 439 2129; x_wconf 90' lang='lat' dir='ltr'>inter</span> <span class='ocrx_word' id='word_1_126' title='bbox 466 2064 670 2129; x_wconf 78' lang='lat' dir='ltr'>Aululariam</span> <span class='ocrx_word' id='word_1_127' title='bbox 698 2062 918 2150; x_wconf 80' lang='lat' dir='ltr'>Captivosque</span> <span class='ocrx_word' id='word_1_128' title='bbox 945 2065 974 2129; x_wconf 90' lang='lat' dir='ltr'>is</span> <span class='ocrx_word' id='word_1_129' title='bbox 1003 2085 1133 2150; x_wconf 89' lang='lat' dir='ltr'>quoque</span> <span class='ocrx_word' id='word_1_130' title='bbox 1160 2063 1252 2147; x_wconf 81' lang='lat' dir='ltr'>legit,</span> <span class='ocrx_word' id='word_1_131' title='bbox 1273 2057 1310 2144; x_wconf 85' lang='lat' dir='ltr'>qvi</span> 
     </span>
     <span class='ocr_line' id='line_1_18' title="bbox 196 2169 1310 2256; baseline 0 -24"><span class='ocrx_word' id='word_1_132' title='bbox 196 2190 260 2233; x_wconf 89' lang='lat' dir='ltr'>non</span> <span class='ocrx_word' id='word_1_133' title='bbox 282 2169 408 2234; x_wconf 88' lang='lat' dir='ltr'>novicio</span> <span class='ocrx_word' id='word_1_134' title='bbox 433 2172 562 2236; x_wconf 88' lang='lat' dir='ltr'>saeculo</span> <span class='ocrx_word' id='word_1_135' title='bbox 587 2171 744 2256; x_wconf 84' lang='lat' dir='ltr'>excerptis</span> <span class='ocrx_word' id='word_1_136' title='bbox 768 2194 786 2236; x_wconf 93' lang='lat' dir='ltr'>e</span> <span class='ocrx_word' id='word_1_137' title='bbox 805 2171 922 2237; x_wconf 91' lang='lat' dir='ltr'>Plauto</span> <span class='ocrx_word' id='word_1_138' title='bbox 946 2170 1111 2235; x_wconf 77' lang='lat' dir='ltr'>adverbiis</span> <span class='ocrx_word' id='word_1_139' title='bbox 1134 2171 1233 2236; x_wconf 92' lang='lat' dir='ltr'>breve</span> <span class='ocrx_word' id='word_1_140' title='bbox 1252 2169 1310 2254; x_wconf 76' lang='lat' dir='ltr'>glo</span> 
     </span>
     <span class='ocr_line' id='line_1_19' title="bbox 196 2276 1310 2363; baseline -0.002 -22"><span class='ocrx_word' id='word_1_141' title='bbox 196 2277 319 2341; x_wconf 88' lang='lat' dir='ltr'>sarium</span> <span class='ocrx_word' id='word_1_142' title='bbox 349 2277 428 2341; x_wconf 92' lang='lat' dir='ltr'>illud</span> <span class='ocrx_word' id='word_1_143' title='bbox 459 2276 661 2363; x_wconf 81' lang='lat' dir='ltr'>condidit*),</span> <span class='ocrx_word' id='word_1_144' title='bbox 690 2278 781 2342; x_wconf 88' lang='lat' dir='ltr'>cuius</span> <span class='ocrx_word' id='word_1_145' title='bbox 811 2300 880 2362; x_wconf 93' lang='lat' dir='ltr'>cap.</span> <span class='ocrx_word' id='word_1_146' title='bbox 902 2276 936 2342; x_wconf 93' lang='lat' dir='ltr'>II</span> <span class='ocrx_word' id='word_1_147' title='bbox 963 2277 1163 2342; x_wconf 89' lang='lat' dir='ltr'>mentionem</span> <span class='ocrx_word' id='word_1_148' title='bbox 1190 2276 1310 2340; x_wconf 77' lang='lat' dir='ltr'>secunus</span> 
     </span>
     <span class='ocr_line' id='line_1_20' title="bbox 196 2374 1310 2468; baseline 0 -21"><span class='ocrx_word' id='word_1_149' title='bbox 196 2383 280 2466; x_wconf 93' lang='lat' dir='ltr'>quod</span> <span class='ocrx_word' id='word_1_150' title='bbox 310 2405 373 2468; x_wconf 92' lang='lat' dir='ltr'>quo</span> <span class='ocrx_word' id='word_1_151' title='bbox 402 2384 512 2448; x_wconf 90' lang='lat' dir='ltr'>libello</span> <span class='ocrx_word' id='word_1_152' title='bbox 542 2383 713 2467; x_wconf 83' lang='lat' dir='ltr'>edidimus,</span> <span class='ocrx_word' id='word_1_153' title='bbox 746 2384 780 2448; x_wconf 91' lang='lat' dir='ltr'>in</span> <span class='ocrx_word' id='word_1_154' title='bbox 804 2406 841 2449; x_wconf 93' lang='lat' dir='ltr'>eo</span> <span class='ocrx_word' id='word_1_155' title='bbox 865 2384 971 2449; x_wconf 90' lang='lat' dir='ltr'>locum</span> <span class='ocrx_word' id='word_1_156' title='bbox 996 2382 1090 2448; x_wconf 91' lang='lat' dir='ltr'>illum</span> <span class='ocrx_word' id='word_1_157' title='bbox 1113 2405 1253 2462; x_wconf 88' lang='lat' dir='ltr'>omnem,</span> <span class='ocrx_word' id='word_1_158' title='bbox 1278 2374 1310 2465; x_wconf 73' lang='lat' dir='ltr'>qd</span> 
     </span>
     <span class='ocr_line' id='line_1_21' title="bbox 196 2486 1310 2567; baseline -0.002 -15"><span class='ocrx_word' id='word_1_159' title='bbox 196 2495 247 2555; x_wconf 89' lang='lat' dir='ltr'>est</span> <span class='ocrx_word' id='word_1_160' title='bbox 270 2489 307 2553; x_wconf 93' lang='lat' dir='ltr'>de</span> <span class='ocrx_word' id='word_1_161' title='bbox 332 2490 560 2555; x_wconf 85' lang='lat' dir='ltr'>collocatarum</span> <span class='ocrx_word' id='word_1_162' title='bbox 585 2490 768 2555; x_wconf 83' lang='lat' dir='ltr'>fabularum</span> <span class='ocrx_word' id='word_1_163' title='bbox 787 2490 898 2555; x_wconf 92' lang='lat' dir='ltr'>ordine</span> <span class='ocrx_word' id='word_1_164' title='bbox 922 2491 956 2555; x_wconf 92' lang='lat' dir='ltr'>in</span> <span class='ocrx_word' id='word_1_165' title='bbox 979 2490 1053 2555; x_wconf 86' lang='lat' dir='ltr'>aliis</span> <span class='ocrx_word' id='word_1_166' title='bbox 1076 2489 1170 2555; x_wconf 91' lang='lat' dir='ltr'>libris</span> <span class='ocrx_word' id='word_1_167' title='bbox 1194 2486 1310 2567; x_wconf 85' lang='lat' dir='ltr'>alio,de</span> 
     </span>
     <span class='ocr_line' id='line_1_22' title="bbox 196 2590 1310 2683; baseline -0.002 -24"><span class='ocrx_word' id='word_1_168' title='bbox 196 2597 264 2661; x_wconf 86' lang='lat' dir='ltr'>dita</span> <span class='ocrx_word' id='word_1_169' title='bbox 288 2620 386 2681; x_wconf 87' lang='lat' dir='ltr'>opera</span> <span class='ocrx_word' id='word_1_170' title='bbox 408 2599 678 2680; x_wconf 79' lang='lat' dir='ltr'>pertractavimus</span> <span class='ocrx_word' id='word_1_171' title='bbox 704 2596 834 2681; x_wconf 88' lang='lat' dir='ltr'>[Opuse.</span> <span class='ocrx_word' id='word_1_172' title='bbox 857 2598 936 2683; x_wconf 90' lang='lat' dir='ltr'>phil.</span> <span class='ocrx_word' id='word_1_173' title='bbox 959 2597 992 2662; x_wconf 92' lang='lat' dir='ltr'>II</span> <span class='ocrx_word' id='word_1_174' title='bbox 1015 2621 1045 2683; x_wconf 87' lang='lat' dir='ltr'>p.</span> <span class='ocrx_word' id='word_1_175' title='bbox 1069 2598 1133 2663; x_wconf 70' lang='lat'>237</span> <span class='ocrx_word' id='word_1_176' title='bbox 1151 2599 1242 2681; x_wconf 84' lang='lat' dir='ltr'>sqq.].</span> <span class='ocrx_word' id='word_1_177' title='bbox 1272 2590 1310 2658; x_wconf 84' lang='lat' dir='ltr'>No</span> 
     </span>
     <span class='ocr_line' id='line_1_23' title="bbox 197 2702 1310 2788; baseline 0.001 -22"><span class='ocrx_word' id='word_1_178' title='bbox 197 2726 272 2767; x_wconf 89' lang='lat' dir='ltr'>vum</span> <span class='ocrx_word' id='word_1_179' title='bbox 296 2708 404 2769; x_wconf 89' lang='lat' dir='ltr'>autem</span> <span class='ocrx_word' id='word_1_180' title='bbox 429 2705 572 2771; x_wconf 89' lang='lat' dir='ltr'>ordinem</span> <span class='ocrx_word' id='word_1_181' title='bbox 596 2705 680 2788; x_wconf 89' lang='lat' dir='ltr'>quod</span> <span class='ocrx_word' id='word_1_182' title='bbox 699 2705 764 2768; x_wconf 90' lang='lat' dir='ltr'>iam</span> <span class='ocrx_word' id='word_1_183' title='bbox 783 2705 861 2769; x_wconf 92' lang='lat' dir='ltr'>olim</span> <span class='ocrx_word' id='word_1_184' title='bbox 882 2705 921 2769; x_wconf 90' lang='lat' dir='ltr'>ad</span> <span class='ocrx_word' id='word_1_185' title='bbox 937 2702 1157 2770; x_wconf 75' lang='lat' dir='ltr'>(lahmol‘lvri</span> <span class='ocrx_word' id='word_1_186' title='bbox 1178 2708 1310 2769; x_wconf 77' lang='lat' dir='ltr'>auctores</span> 
     </span>
     <span class='ocr_line' id='line_1_24' title="bbox 196 2809 1310 2895; baseline 0 -22"><span class='ocrx_word' id='word_1_187' title='bbox 196 2811 307 2874; x_wconf 87' lang='lat' dir='ltr'>rettuli</span> <span class='ocrx_word' id='word_1_188' title='bbox 333 2812 554 2895; x_wconf 89' lang='lat' dir='ltr'>coniectando,</span> <span class='ocrx_word' id='word_1_189' title='bbox 577 2811 611 2876; x_wconf 93' lang='lat' dir='ltr'>id</span> <span class='ocrx_word' id='word_1_190' title='bbox 638 2833 723 2876; x_wconf 90' lang='lat' dir='ltr'>nuno</span> <span class='ocrx_word' id='word_1_191' title='bbox 752 2815 847 2875; x_wconf 90' lang='lat' dir='ltr'>teneo</span> <span class='ocrx_word' id='word_1_192' title='bbox 875 2811 935 2876; x_wconf 93' lang='lat' dir='ltr'>hac</span> <span class='ocrx_word' id='word_1_193' title='bbox 959 2810 1209 2875; x_wconf 89' lang='lat' dir='ltr'>ratiocinatione</span> <span class='ocrx_word' id='word_1_194' title='bbox 1231 2809 1310 2874; x_wconf 78' lang='lat' dir='ltr'>fretus</span> 
     </span>
     <span class='ocr_line' id='line_1_25' title="bbox 198 2914 1310 3003; baseline -0.002 -23"><span class='ocrx_word' id='word_1_195' title='bbox 198 2917 282 3001; x_wconf 89' lang='lat' dir='ltr'>quod</span> <span class='ocrx_word' id='word_1_196' title='bbox 306 2921 338 2981; x_wconf 91' lang='lat' dir='ltr'>et</span> <span class='ocrx_word' id='word_1_197' title='bbox 361 2918 424 2983; x_wconf 88' lang='lat' dir='ltr'>fuit</span> <span class='ocrx_word' id='word_1_198' title='bbox 447 2918 596 3003; x_wconf 82' lang='lat' dir='ltr'>Calliopii</span> <span class='ocrx_word' id='word_1_199' title='bbox 620 2919 763 2983; x_wconf 86' lang='lat' dir='ltr'>recensio</span> <span class='ocrx_word' id='word_1_200' title='bbox 788 2918 945 3001; x_wconf 89' lang='lat' dir='ltr'>quaedam</span> <span class='ocrx_word' id='word_1_201' title='bbox 969 2917 1195 2983; x_wconf 88' lang='lat' dir='ltr'>Plautinarum</span> <span class='ocrx_word' id='word_1_202' title='bbox 1219 2914 1310 2980; x_wconf 83' lang='lat' dir='ltr'>fabula</span> 
     </span>
     <span class='ocr_line' id='line_1_26' title="bbox 197 3022 1310 3110; baseline -0.002 -23"><span class='ocrx_word' id='word_1_203' title='bbox 197 3046 268 3088; x_wconf 91' lang='lat' dir='ltr'>rum</span> <span class='ocrx_word' id='word_1_204' title='bbox 293 3028 325 3088; x_wconf 90' lang='lat' dir='ltr'>et</span> <span class='ocrx_word' id='word_1_205' title='bbox 348 3047 386 3089; x_wconf 87' lang='lat' dir='ltr'>ex</span> <span class='ocrx_word' id='word_1_206' title='bbox 410 3049 448 3091; x_wconf 91' lang='lat' dir='ltr'>ea</span> <span class='ocrx_word' id='word_1_207' title='bbox 467 3027 539 3110; x_wconf 92' lang='lat' dir='ltr'>ipsa</span> <span class='ocrx_word' id='word_1_208' title='bbox 558 3027 754 3108; x_wconf 87' lang='lat' dir='ltr'>recensione,</span> <span class='ocrx_word' id='word_1_209' title='bbox 777 3025 841 3089; x_wconf 92' lang='lat' dir='ltr'>nisi</span> <span class='ocrx_word' id='word_1_210' title='bbox 862 3026 971 3091; x_wconf 87' lang='lat' dir='ltr'>omnia</span> <span class='ocrx_word' id='word_1_211' title='bbox 989 3025 1119 3108; x_wconf 89' lang='lat' dir='ltr'>fallunt,</span> <span class='ocrx_word' id='word_1_212' title='bbox 1142 3025 1246 3090; x_wconf 87' lang='lat' dir='ltr'>nostri</span> <span class='ocrx_word' id='word_1_213' title='bbox 1263 3022 1310 3087; x_wconf 82' lang='lat' dir='ltr'>liu</span> 
     </span>
     <span class='ocr_line' id='line_1_27' title="bbox 198 3128 1310 3216; baseline -0.005 -21"><span class='ocrx_word' id='word_1_214' title='bbox 198 3154 273 3195; x_wconf 88' lang='lat' dir='ltr'>mss.</span> <span class='ocrx_word' id='word_1_215' title='bbox 297 3132 465 3197; x_wconf 82' lang='lat' dir='ltr'>fluxerunt.</span> <span class='ocrx_word' id='word_1_216' title='bbox 498 3131 598 3197; x_wconf 82' lang='lat' dir='ltr'>Cuius</span> <span class='ocrx_word' id='word_1_217' title='bbox 622 3132 751 3216; x_wconf 93' lang='lat' dir='ltr'>quidem</span> <span class='ocrx_word' id='word_1_218' title='bbox 775 3133 821 3196; x_wconf 88' lang='lat' dir='ltr'>rei</span> <span class='ocrx_word' id='word_1_219' title='bbox 846 3133 909 3197; x_wconf 90' lang='lat' dir='ltr'>etsi</span> <span class='ocrx_word' id='word_1_220' title='bbox 932 3132 1123 3197; x_wconf 90' lang='lat' dir='ltr'>memoriam</span> <span class='ocrx_word' id='word_1_221' title='bbox 1143 3152 1160 3195; x_wconf 92' lang='lat' dir='ltr'>e</span> <span class='ocrx_word' id='word_1_222' title='bbox 1179 3128 1310 3196; x_wconf 86' lang='lat' dir='ltr'>codicibu</span> 
     </span>
     <span class='ocr_line' id='line_1_28' title="bbox 198 3238 1310 3324; baseline -0.003 -23"><span class='ocrx_word' id='word_1_223' title='bbox 198 3238 325 3302; x_wconf 86' lang='lat' dir='ltr'>circiter</span> <span class='ocrx_word' id='word_1_224' title='bbox 355 3240 535 3324; x_wconf 81' lang='lat' dir='ltr'>nonaginta</span> <span class='ocrx_word' id='word_1_225' title='bbox 567 3263 586 3304; x_wconf 92' lang='lat' dir='ltr'>a</span> <span class='ocrx_word' id='word_1_226' title='bbox 617 3263 667 3304; x_wconf 92' lang='lat' dir='ltr'>me</span> <span class='ocrx_word' id='word_1_227' title='bbox 697 3240 853 3323; x_wconf 89' lang='lat' dir='ltr'>inspeetis</span> <span class='ocrx_word' id='word_1_228' title='bbox 884 3262 966 3303; x_wconf 88' lang='lat' dir='ltr'>unus</span> <span class='ocrx_word' id='word_1_229' title='bbox 996 3243 1125 3303; x_wconf 89' lang='lat' dir='ltr'>tantum</span> <span class='ocrx_word' id='word_1_230' title='bbox 1156 3241 1310 3321; x_wconf 81' lang='lat' dir='ltr'>pertenues</span> 
     </span>
     <span class='ocr_line' id='line_1_29' title="bbox 197 3346 1310 3430; baseline 0 -22"><span class='ocrx_word' id='word_1_231' title='bbox 197 3346 347 3429; x_wconf 83' lang='lat' dir='ltr'>servavit,</span> <span class='ocrx_word' id='word_1_232' title='bbox 369 3346 462 3429; x_wconf 91' lang='lat' dir='ltr'>isque</span> <span class='ocrx_word' id='word_1_233' title='bbox 486 3348 573 3412; x_wconf 89' lang='lat' dir='ltr'>solas</span> <span class='ocrx_word' id='word_1_234' title='bbox 598 3351 671 3411; x_wconf 88' lang='lat' dir='ltr'>octo</span> <span class='ocrx_word' id='word_1_235' title='bbox 689 3347 818 3411; x_wconf 88' lang='lat' dir='ltr'>fabulas</span> <span class='ocrx_word' id='word_1_236' title='bbox 838 3348 962 3430; x_wconf 90' lang='lat' dir='ltr'>priores</span> <span class='ocrx_word' id='word_1_237' title='bbox 981 3346 1211 3429; x_wconf 83' lang='lat' dir='ltr'>complectens,</span> <span class='ocrx_word' id='word_1_238' title='bbox 1233 3349 1310 3409; x_wconf 83' lang='lat' dir='ltr'>tame</span> 
     </span>
    </p>
   </div>
   <div class='ocr_carea' id='block_1_3' title="bbox 196 3452 1310 4500">
    <p class='ocr_par' dir='ltr' id='par_1_3' title="bbox 197 3452 1310 3539">
     <span class='ocr_line' id='line_1_30' title="bbox 197 3452 1310 3539; baseline -0.001 -24"><span class='ocrx_word' id='word_1_239' title='bbox 197 3452 275 3516; x_wconf 88' lang='lat' dir='ltr'>fides</span> <span class='ocrx_word' id='word_1_240' title='bbox 300 3475 359 3518; x_wconf 90' lang='lat' dir='ltr'>nee</span> <span class='ocrx_word' id='word_1_241' title='bbox 382 3475 452 3519; x_wconf 91' lang='lat' dir='ltr'>esse</span> <span class='ocrx_word' id='word_1_242' title='bbox 476 3453 696 3518; x_wconf 90' lang='lat' dir='ltr'>addubitanda</span> <span class='ocrx_word' id='word_1_243' title='bbox 720 3454 846 3518; x_wconf 88' lang='lat' dir='ltr'>videtur</span> <span class='ocrx_word' id='word_1_244' title='bbox 868 3477 936 3539; x_wconf 90' lang='lat' dir='ltr'>nec,</span> <span class='ocrx_word' id='word_1_245' title='bbox 959 3454 986 3518; x_wconf 90' lang='lat' dir='ltr'>si</span> <span class='ocrx_word' id='word_1_246' title='bbox 1009 3452 1043 3518; x_wconf 91' lang='lat' dir='ltr'>id</span> <span class='ocrx_word' id='word_1_247' title='bbox 1067 3453 1234 3537; x_wconf 86' lang='lat' dir='ltr'>sequimur</span> <span class='ocrx_word' id='word_1_248' title='bbox 1256 3472 1310 3535; x_wconf 89' lang='lat' dir='ltr'>quo</span> 
     </span>
    </p>

    <p class='ocr_par' dir='ltr' id='par_1_4' title="bbox 302 3557 647 3593">
     <span class='ocr_line' id='line_1_31' title="bbox 302 3557 647 3593; baseline 0.012 -4"><span class='ocrx_word' id='word_1_249' title='bbox 302 3585 345 3590; x_wconf 70' lang='grc'>,,</span> <span class='ocrx_word' id='word_1_250' title='bbox 387 3586 408 3591; x_wconf 79' lang='grc'>,</span> <span class='ocrx_word' id='word_1_251' title='bbox 631 3557 647 3593; x_wconf 74' lang='lat' dir='ltr'>a</span> 
     </span>
    </p>

    <p class='ocr_par' dir='ltr' id='par_1_5' title="bbox 196 3625 1310 4500">
     <span class='ocr_line' id='line_1_32' title="bbox 286 3625 1310 3698; baseline -0.003 -14"><span class='ocrx_word' id='word_1_252' title='bbox 286 3631 311 3698; x_wconf 90' lang='lat'>*)</span> <span class='ocrx_word' id='word_1_253' title='bbox 330 3631 397 3684; x_wconf 86' lang='lat' dir='ltr'>Eius</span> <span class='ocrx_word' id='word_1_254' title='bbox 418 3633 497 3684; x_wconf 87' lang='lat' dir='ltr'>tanto</span> <span class='ocrx_word' id='word_1_255' title='bbox 516 3629 606 3684; x_wconf 88' lang='lat' dir='ltr'>maior</span> <span class='ocrx_word' id='word_1_256' title='bbox 625 3632 668 3683; x_wconf 87' lang='lat' dir='ltr'>est</span> <span class='ocrx_word' id='word_1_257' title='bbox 687 3629 849 3698; x_wconf 89' lang='lat' dir='ltr'>auctoritas,</span> <span class='ocrx_word' id='word_1_258' title='bbox 869 3629 945 3698; x_wconf 92' lang='lat' dir='ltr'>quod</span> <span class='ocrx_word' id='word_1_259' title='bbox 963 3645 1018 3684; x_wconf 92' lang='lat' dir='ltr'>non</span> <span class='ocrx_word' id='word_1_260' title='bbox 1037 3630 1148 3683; x_wconf 85' lang='lat' dir='ltr'>tantum</span> <span class='ocrx_word' id='word_1_261' title='bbox 1168 3625 1310 3682; x_wconf 75' lang='lat' dir='ltr'>Vidnlaria</span> 
     </span>
     <span class='ocr_line' id='line_1_33' title="bbox 196 3715 1310 3789; baseline 0.001 -18"><span class='ocrx_word' id='word_1_262' title='bbox 196 3719 351 3789; x_wconf 89' lang='lat' dir='ltr'>usurpavit,</span> <span class='ocrx_word' id='word_1_263' title='bbox 370 3719 419 3773; x_wconf 90' lang='lat' dir='ltr'>sed</span> <span class='ocrx_word' id='word_1_264' title='bbox 438 3719 524 3774; x_wconf 85' lang='lat' dir='ltr'>etiam</span> <span class='ocrx_word' id='word_1_265' title='bbox 543 3719 776 3789; x_wconf 83' lang='lat' dir='ltr'>Amphitruonem</span> <span class='ocrx_word' id='word_1_266' title='bbox 795 3718 949 3773; x_wconf 85' lang='lat' dir='ltr'>Bacchides</span> <span class='ocrx_word' id='word_1_267' title='bbox 968 3720 998 3772; x_wconf 87' lang='lat' dir='ltr'>et</span> <span class='ocrx_word' id='word_1_268' title='bbox 1012 3715 1202 3773; x_wconf 88' lang='lat' dir='ltr'>Cistellariam</span> <span class='ocrx_word' id='word_1_269' title='bbox 1219 3717 1310 3785; x_wconf 73' lang='lat' dir='ltr'>integr«</span> 
     </span>
     <span class='ocr_line' id='line_1_34' title="bbox 197 3804 1310 3877; baseline -0.004 -16"><span class='ocrx_word' id='word_1_270' title='bbox 197 3809 304 3863; x_wconf 88' lang='lat' dir='ltr'>habuit.</span> <span class='ocrx_word' id='word_1_271' title='bbox 339 3808 392 3873; x_wconf 84' lang='lat' dir='ltr'>Qui</span> <span class='ocrx_word' id='word_1_272' title='bbox 411 3827 474 3864; x_wconf 91' lang='lat' dir='ltr'>cum</span> <span class='ocrx_word' id='word_1_273' title='bbox 494 3809 580 3864; x_wconf 88' lang='lat' dir='ltr'>etiam</span> <span class='ocrx_word' id='word_1_274' title='bbox 599 3808 627 3862; x_wconf 91' lang='lat' dir='ltr'>in</span> <span class='ocrx_word' id='word_1_275' title='bbox 646 3807 711 3862; x_wconf 90' lang='lat' dir='ltr'>aliis</span> <span class='ocrx_word' id='word_1_276' title='bbox 729 3807 833 3862; x_wconf 84' lang='lat' dir='ltr'>fabulis</span> <span class='ocrx_word' id='word_1_277' title='bbox 852 3824 887 3862; x_wconf 91' lang='lat' dir='ltr'>ea</span> <span class='ocrx_word' id='word_1_278' title='bbox 904 3807 1014 3877; x_wconf 79' lang='lat' dir='ltr'>legerit,</span> <span class='ocrx_word' id='word_1_279' title='bbox 1032 3822 1106 3875; x_wconf 85' lang='lat' dir='ltr'>quac</span> <span class='ocrx_word' id='word_1_280' title='bbox 1123 3807 1154 3860; x_wconf 90' lang='lat' dir='ltr'>in</span> <span class='ocrx_word' id='word_1_281' title='bbox 1173 3804 1253 3860; x_wconf 80' lang='lat'><em>1301)</em></span> <span class='ocrx_word' id='word_1_282' title='bbox 1269 3804 1310 3857; x_wconf 75' lang='lat' dir='ltr'>der</span> 
     </span>
     <span class='ocr_line' id='line_1_35' title="bbox 197 3894 1310 3969; baseline -0.004 -17"><span class='ocrx_word' id='word_1_283' title='bbox 197 3899 339 3953; x_wconf 87' lang='lat' dir='ltr'>derantur:</span> <span class='ocrx_word' id='word_1_284' title='bbox 360 3902 426 3966; x_wconf 90' lang='lat' dir='ltr'>(quo</span> <span class='ocrx_word' id='word_1_285' title='bbox 445 3899 536 3969; x_wconf 91' lang='lat' dir='ltr'>ipsum</span> <span class='ocrx_word' id='word_1_286' title='bbox 554 3897 625 3952; x_wconf 91' lang='lat' dir='ltr'>illud</span> <span class='ocrx_word' id='word_1_287' title='bbox 644 3900 759 3951; x_wconf 77' lang='lat' dir='ltr'>saeviter</span> <span class='ocrx_word' id='word_1_288' title='bbox 777 3895 937 3951; x_wconf 87' lang='lat' dir='ltr'>rettulimus</span> <span class='ocrx_word' id='word_1_289' title='bbox 956 3912 971 3949; x_wconf 92' lang='lat' dir='ltr'>e</span> <span class='ocrx_word' id='word_1_290' title='bbox 990 3894 1156 3950; x_wconf 87' lang='lat' dir='ltr'>Trinummo</span> <span class='ocrx_word' id='word_1_291' title='bbox 1175 3909 1310 3950; x_wconf 82' lang='lat' dir='ltr'>commem·</span> 
     </span>
     <span class='ocr_line' id='line_1_36' title="bbox 197 3982 1310 4058; baseline -0.001 -17"><span class='ocrx_word' id='word_1_292' title='bbox 197 3990 313 4055; x_wconf 70' lang='lat' dir='ltr'>ratum)</span> <span class='ocrx_word' id='word_1_293' title='bbox 332 3990 450 4058; x_wconf 89' lang='lat' dir='ltr'>apparet</span> <span class='ocrx_word' id='word_1_294' title='bbox 464 4004 529 4042; x_wconf 91' lang='lat' dir='ltr'>eum</span> <span class='ocrx_word' id='word_1_295' title='bbox 544 3986 630 4041; x_wconf 82' lang='lat' dir='ltr'>simili</span> <span class='ocrx_word' id='word_1_296' title='bbox 643 3985 821 4040; x_wconf 81' lang='lat' dir='ltr'>Ambrosiani</span> <span class='ocrx_word' id='word_1_297' title='bbox 841 3985 944 4053; x_wconf 89' lang='lat' dir='ltr'>codice,</span> <span class='ocrx_word' id='word_1_298' title='bbox 963 3985 1010 4039; x_wconf 91' lang='lat' dir='ltr'>vel</span> <span class='ocrx_word' id='word_1_299' title='bbox 1028 3984 1142 4052; x_wconf 89' lang='lat' dir='ltr'>qualem</span> <span class='ocrx_word' id='word_1_300' title='bbox 1161 4002 1180 4037; x_wconf 89' lang='grc' dir='ltr'>α</span> <span class='ocrx_word' id='word_1_301' title='bbox 1198 3982 1310 4052; x_wconf 62' lang='lat' dir='ltr'>daona</span> 
     </span>
     <span class='ocr_line' id='line_1_37' title="bbox 198 4073 1310 4144; baseline -0.004 -13"><span class='ocrx_word' id='word_1_302' title='bbox 198 4095 271 4144; x_wconf 89' lang='lat' dir='ltr'>mus,</span> <span class='ocrx_word' id='word_1_303' title='bbox 296 4096 374 4131; x_wconf 89' lang='lat' dir='ltr'>usum</span> <span class='ocrx_word' id='word_1_304' title='bbox 398 4093 466 4132; x_wconf 90' lang='lat' dir='ltr'>esse.</span> <span class='ocrx_word' id='word_1_305' title='bbox 505 4075 634 4130; x_wconf 85' lang='lat' dir='ltr'>Ceterum</span> <span class='ocrx_word' id='word_1_306' title='bbox 659 4075 783 4131; x_wconf 90' lang='lat' dir='ltr'>ordinem</span> <span class='ocrx_word' id='word_1_307' title='bbox 810 4073 1015 4129; x_wconf 88' lang='lat' dir='ltr'>comoediarum</span> <span class='ocrx_word' id='word_1_308' title='bbox 1039 4091 1153 4144; x_wconf 87' lang='lat' dir='ltr'>prorsus</span> <span class='ocrx_word' id='word_1_309' title='bbox 1172 4073 1310 4144; x_wconf 70' lang='lat' dir='ltr'>singulare</span> 
     </span>
     <span class='ocr_line' id='line_1_38' title="bbox 197 4157 1310 4234; baseline -0.004 -14"><span class='ocrx_word' id='word_1_310' title='bbox 197 4169 241 4220; x_wconf 84' lang='lat' dir='ltr'>est</span> <span class='ocrx_word' id='word_1_311' title='bbox 260 4169 380 4234; x_wconf 87' lang='lat' dir='ltr'>secutus,</span> <span class='ocrx_word' id='word_1_312' title='bbox 399 4182 454 4234; x_wconf 89' lang='lat' dir='ltr'>quo</span> <span class='ocrx_word' id='word_1_313' title='bbox 472 4164 537 4219; x_wconf 87' lang='lat' dir='ltr'>illae</span> <span class='ocrx_word' id='word_1_314' title='bbox 557 4164 596 4218; x_wconf 89' lang='lat' dir='ltr'>sic</span> <span class='ocrx_word' id='word_1_315' title='bbox 611 4181 670 4220; x_wconf 87' lang='lat' dir='ltr'>sese</span> <span class='ocrx_word' id='word_1_316' title='bbox 685 4166 867 4233; x_wconf 83' lang='lat' dir='ltr'>exceperunt:</span> <span class='ocrx_word' id='word_1_317' title='bbox 887 4164 1017 4219; x_wconf 81' lang='lat' dir='ltr'>Asinaria</span> <span class='ocrx_word' id='word_1_318' title='bbox 1026 4163 1176 4218; x_wconf 79' lang='lat' dir='ltr'>Aulularia</span> <span class='ocrx_word' id='word_1_319' title='bbox 1189 4157 1310 4217; x_wconf 69' lang='lat' dir='ltr'>Bacchiffl</span> 
     </span>
     <span class='ocr_line' id='line_1_39' title="bbox 198 4249 1310 4323; baseline -0.009 -14"><span class='ocrx_word' id='word_1_320' title='bbox 198 4254 309 4323; x_wconf 88' lang='lat' dir='ltr'>Captivi</span> <span class='ocrx_word' id='word_1_321' title='bbox 337 4253 438 4308; x_wconf 84' lang='lat' dir='ltr'>Casina</span> <span class='ocrx_word' id='word_1_322' title='bbox 467 4251 626 4308; x_wconf 81' lang='lat' dir='ltr'>Cistellaria</span> <span class='ocrx_word' id='word_1_323' title='bbox 654 4251 783 4307; x_wconf 84' lang='lat' dir='ltr'>Curculio</span> <span class='ocrx_word' id='word_1_324' title='bbox 811 4252 945 4323; x_wconf 81' lang='lat' dir='ltr'>Epidicus</span> <span class='ocrx_word' id='word_1_325' title='bbox 968 4252 1146 4307; x_wconf 88' lang='lat' dir='ltr'>Menaechmi</span> <span class='ocrx_word' id='word_1_326' title='bbox 1170 4249 1310 4306; x_wconf 71' lang='lat' dir='ltr'>Mostella:</span> 
     </span>
     <span class='ocr_line' id='line_1_40' title="bbox 197 4336 1310 4399; baseline -0.004 0"><span class='ocrx_word' id='word_1_327' title='bbox 197 4344 383 4399; x_wconf 84' lang='lat' dir='ltr'>Truculentus</span> <span class='ocrx_word' id='word_1_328' title='bbox 411 4342 588 4396; x_wconf 88' lang='lat' dir='ltr'>Trinummus</span> <span class='ocrx_word' id='word_1_329' title='bbox 615 4341 756 4397; x_wconf 89' lang='lat' dir='ltr'>Poenulus</span> <span class='ocrx_word' id='word_1_330' title='bbox 779 4341 926 4397; x_wconf 86' lang='lat' dir='ltr'>Vidnlaria</span> <span class='ocrx_word' id='word_1_331' title='bbox 953 4341 1067 4397; x_wconf 86' lang='lat' dir='ltr'>ltndens</span> <span class='ocrx_word' id='word_1_332' title='bbox 1095 4341 1178 4397; x_wconf 71' lang='lat' dir='ltr'>Miles</span> <span class='ocrx_word' id='word_1_333' title='bbox 1204 4336 1310 4394; x_wconf 63' lang='lat' dir='ltr'>meat</span> 
     </span>
     <span class='ocr_line' id='line_1_41' title="bbox 199 4431 786 4500; baseline 0 -15"><span class='ocrx_word' id='word_1_334' title='bbox 199 4433 354 4487; x_wconf 82' lang='lat' dir='ltr'>Pseudolus</span> <span class='ocrx_word' id='word_1_335' title='bbox 374 4431 460 4486; x_wconf 90' lang='lat' dir='ltr'>Persa</span> <span class='ocrx_word' id='word_1_336' title='bbox 479 4431 590 4485; x_wconf 85' lang='lat' dir='ltr'>Stichus</span> <span class='ocrx_word' id='word_1_337' title='bbox 610 4431 786 4500; x_wconf 79' lang='lat' dir='ltr'>Amphitruo.</span> 
     </span>
    </p>
   </div>
   <div class='ocr_carea' id='block_1_4' title="bbox 0 0 1429 5034">
    <p class='ocr_par' dir='ltr' id='par_1_6' title="bbox 0 0 1429 5034">
     <span class='ocr_line' id='line_1_42' title="bbox 0 0 1429 5034; baseline 0 0"><span class='ocrx_word' id='word_1_338' title='bbox 0 0 1429 5034; x_wconf 95' lang='lat' dir='ltr'> </span> 
     </span>
    </p>
   </div>
  </div>
 </body>
</html>
