<?xml version="1.0" encoding="UTF-8"?>
<!DOCTYPE html PUBLIC "-//W3C//DTD XHTML 1.0 Transitional//EN"
    "http://www.w3.org/TR/xhtml1/DTD/xhtml1-transitional.dtd">
<html xmlns="http://www.w3.org/1999/xhtml" xml:lang="en" lang="en">
 <head>
  <title>
</title>
<meta http-equiv="Content-Type" content="text/html;charset=utf-8" />
  <meta name='ocr-system' content='tesseract 3.04.00' />
  <meta name='ocr-capabilities' content='ocr_page ocr_carea ocr_par ocr_line ocrx_word'/>
</head>
<body>
  <div class='ocr_page' id='page_1' title='image "./fridericiritsch00ritsgoog_0536.png"; bbox 0 0 2836 5034; ppageno 0'>
   <div class='ocr_carea' id='block_1_1' title="bbox 251 312 1108 381">
    <p class='ocr_par' dir='ltr' id='par_1_1' title="bbox 251 312 1108 381">
     <span class='ocr_line' id='line_1_1' title="bbox 251 312 1108 381; baseline -0.005 0"><span class='ocrx_word' id='word_1_1' title='bbox 251 312 319 381; x_wconf 84' lang='lat'>514</span> <span class='ocrx_word' id='word_1_2' title='bbox 543 328 804 380; x_wconf 75' lang='lat' dir='ltr'>Pnonneonnus</span> <span class='ocrx_word' id='word_1_3' title='bbox 826 324 874 377; x_wconf 78' lang='lat' dir='ltr'>nn</span> <span class='ocrx_word' id='word_1_4' title='bbox 898 326 1108 377; x_wconf 75' lang='lat' dir='ltr'>nsmonmvs</span> 
     </span>
    </p>
   </div>
   <div class='ocr_carea' id='block_1_2' title="bbox 341 421 1277 667">
    <p class='ocr_par' dir='ltr' id='par_1_2' title="bbox 341 421 1277 667">
     <span class='ocr_line' id='line_1_2' title="bbox 341 421 1277 558; baseline -0.009 -19"><span class='ocrx_word' id='word_1_5' title='bbox 341 456 554 558; x_wconf 74' lang='lat' dir='ltr'>ddulescsns,</span> <span class='ocrx_word' id='word_1_6' title='bbox 586 473 664 540; x_wconf 88' lang='lat' dir='ltr'>cedo</span> <span class='ocrx_word' id='word_1_7' title='bbox 696 473 772 538; x_wconf 89' lang='lat' dir='ltr'>dnm</span> <span class='ocrx_word' id='word_1_8' title='bbox 804 470 891 539; x_wconf 84' lang='lat' dir='ltr'>istuc</span> <span class='ocrx_word' id='word_1_9' title='bbox 922 495 1039 539; x_wconf 87' lang='lat' dir='ltr'>aurum</span> <span class='ocrx_word' id='word_1_10' title='bbox 1070 469 1168 539; x_wconf 81' lang='lat' dir='ltr'>mihi.</span> <span class='ocrx_word' id='word_1_11' title='bbox 1216 421 1277 551; x_wconf 67' lang='lat' dir='ltr'>Cn«</span> 
     </span>
     <span class='ocr_line' id='line_1_3' title="bbox 892 579 1259 667; baseline -0.005 -20"><span class='ocrx_word' id='word_1_12' title='bbox 892 602 1008 647; x_wconf 89' lang='lat' dir='ltr'>aurum</span> <span class='ocrx_word' id='word_1_13' title='bbox 1031 579 1146 667; x_wconf 73' lang='lat' dir='ltr'>dem*)</span> <span class='ocrx_word' id='word_1_14' title='bbox 1169 580 1259 649; x_wconf 82' lang='lat' dir='ltr'>tibi?</span> 
     </span>
    </p>
   </div>
   <div class='ocr_carea' id='block_1_3' title="bbox 144 723 1278 2524">
    <p class='ocr_par' dir='ltr' id='par_1_3' title="bbox 144 723 1278 2524">
     <span class='ocr_line' id='line_1_4' title="bbox 250 723 1277 813; baseline 0.001 -22"><span class='ocrx_word' id='word_1_15' title='bbox 250 724 385 792; x_wconf 83' lang='lat' dir='ltr'><strong>Nullam</strong></span> <span class='ocrx_word' id='word_1_16' title='bbox 413 726 481 791; x_wconf 84' lang='lat' dir='ltr'>vim</span> <span class='ocrx_word' id='word_1_17' title='bbox 506 724 607 791; x_wconf 88' lang='lat' dir='ltr'>habet</span> <span class='ocrx_word' id='word_1_18' title='bbox 632 724 719 811; x_wconf 91' lang='lat' dir='ltr'>quod</span> <span class='ocrx_word' id='word_1_19' title='bbox 747 723 811 813; x_wconf 82' lang='lat' dir='ltr'>leri</span> <span class='ocrx_word' id='word_1_20' title='bbox 834 725 927 807; x_wconf 90' lang='lat' dir='ltr'>lapsu</span> <span class='ocrx_word' id='word_1_21' title='bbox 951 723 1079 789; x_wconf 88' lang='lat' dir='ltr'>librarii</span> <span class='ocrx_word' id='word_1_22' title='bbox 1102 726 1197 792; x_wconf 87' lang='lat' dir='ltr'>solus</span> <span class='ocrx_word' id='word_1_23' title='bbox 1222 726 1277 791; x_wconf 83' lang='lat' dir='ltr'>An</span> 
     </span>
     <span class='ocr_line' id='line_1_5' title="bbox 250 829 1277 916; baseline -0.002 -17"><span class='ocrx_word' id='word_1_24' title='bbox 250 856 312 899; x_wconf 92' lang='lat' dir='ltr'>nus</span> <span class='ocrx_word' id='word_1_25' title='bbox 336 832 469 899; x_wconf 87' lang='lat' dir='ltr'>exhibet</span> <span class='ocrx_word' id='word_1_26' title='bbox 490 854 520 897; x_wconf 87' lang='lat' dir='ltr'>v.</span> <span class='ocrx_word' id='word_1_27' title='bbox 545 831 645 897; x_wconf 77' lang='lat'>1071:</span> <span class='ocrx_word' id='word_1_28' title='bbox 672 829 775 897; x_wconf 72' lang='lat' dir='ltr'>sucin’</span> <span class='ocrx_word' id='word_1_29' title='bbox 802 830 899 895; x_wconf 76' lang='lat' dir='ltr'>oculis</span> <span class='ocrx_word' id='word_1_30' title='bbox 924 851 985 914; x_wconf 73' lang='lat' dir='ltr'>epo,</span> <span class='ocrx_word' id='word_1_31' title='bbox 1014 853 1075 916; x_wconf 87' lang='lat' dir='ltr'>pro</span> <span class='ocrx_word' id='word_1_32' title='bbox 1098 830 1208 897; x_wconf 80' lang='lat' dir='ltr'>Sdtin&#39;</span> <span class='ocrx_word' id='word_1_33' title='bbox 1235 855 1277 916; x_wconf 69' lang='lat' dir='ltr'>ey«</span> 
     </span>
     <span class='ocr_line' id='line_1_6' title="bbox 250 937 1277 1026; baseline 0 -21"><span class='ocrx_word' id='word_1_34' title='bbox 250 941 287 1007; x_wconf 90' lang='lat' dir='ltr'>in</span> <span class='ocrx_word' id='word_1_35' title='bbox 309 963 374 1026; x_wconf 89' lang='lat' dir='ltr'>qua</span> <span class='ocrx_word' id='word_1_36' title='bbox 396 939 559 1024; x_wconf 77' lang='lat' dir='ltr'>positione</span> <span class='ocrx_word' id='word_1_37' title='bbox 577 938 696 1025; x_wconf 77' lang='lat' dir='ltr'>reliqui</span> <span class='ocrx_word' id='word_1_38' title='bbox 714 937 841 1003; x_wconf 85' lang='lat' dir='ltr'>codices</span> <span class='ocrx_word' id='word_1_39' title='bbox 859 939 1074 1005; x_wconf 86' lang='lat' dir='ltr'>consentiunt</span> <span class='ocrx_word' id='word_1_40' title='bbox 1113 938 1175 1005; x_wconf 80' lang='lat' dir='ltr'>Sat</span> <span class='ocrx_word' id='word_1_41' title='bbox 1194 946 1277 1005; x_wconf 75' lang='lat' dir='ltr'>certe</span> 
     </span>
     <span class='ocr_line' id='line_1_7' title="bbox 251 1046 1277 1137; baseline -0.001 -24"><span class='ocrx_word' id='word_1_42' title='bbox 251 1048 381 1113; x_wconf 91' lang='lat' dir='ltr'>datione</span> <span class='ocrx_word' id='word_1_43' title='bbox 411 1046 493 1112; x_wconf 89' lang='lat' dir='ltr'>mihi</span> <span class='ocrx_word' id='word_1_44' title='bbox 523 1046 635 1112; x_wconf 84' lang='lat' dir='ltr'>videor</span> <span class='ocrx_word' id='word_1_45' title='bbox 664 1068 693 1110; x_wconf 83' lang='lat' dir='ltr'>r.</span> <span class='ocrx_word' id='word_1_46' title='bbox 716 1046 782 1137; x_wconf 75' lang='lat'>264</span> <span class='ocrx_word' id='word_1_47' title='bbox 812 1047 1011 1112; x_wconf 88' lang='lat' dir='ltr'>emaculasse</span> <span class='ocrx_word' id='word_1_48' title='bbox 1041 1047 1238 1113; x_wconf 79' lang='lat' dir='ltr'>addendus</span> <span class='ocrx_word' id='word_1_49' title='bbox 1267 1071 1277 1112; x_wconf 83' lang='grc' dir='ltr'><strong>ι</strong></span> 
     </span>
     <span class='ocr_line' id='line_1_8' title="bbox 252 1152 1277 1239; baseline -0.001 -20"><span class='ocrx_word' id='word_1_50' title='bbox 252 1175 312 1239; x_wconf 89' lang='lat' dir='ltr'>pro</span> <span class='ocrx_word' id='word_1_51' title='bbox 334 1152 537 1219; x_wconf 61' lang='lat' dir='ltr'>ddcdccdccc:</span> <span class='ocrx_word' id='word_1_52' title='bbox 560 1174 620 1219; x_wconf 87' lang='lat' dir='ltr'>nec</span> <span class='ocrx_word' id='word_1_53' title='bbox 643 1154 732 1218; x_wconf 91' lang='lat' dir='ltr'>enim</span> <span class='ocrx_word' id='word_1_54' title='bbox 755 1153 832 1219; x_wconf 91' lang='lat' dir='ltr'>ullis</span> <span class='ocrx_word' id='word_1_55' title='bbox 855 1153 1017 1219; x_wconf 89' lang='lat' dir='ltr'>machinis</span> <span class='ocrx_word' id='word_1_56' title='bbox 1035 1153 1159 1220; x_wconf 87' lang='lat' dir='ltr'>efficies</span> <span class='ocrx_word' id='word_1_57' title='bbox 1180 1159 1220 1219; x_wconf 91' lang='lat' dir='ltr'>nt</span> <span class='ocrx_word' id='word_1_58' title='bbox 1238 1178 1277 1219; x_wconf 85' lang='lat' dir='ltr'>re</span> 
     </span>
     <span class='ocr_line' id='line_1_9' title="bbox 144 1259 1278 1347; baseline 0 -22"><span class='ocrx_word' id='word_1_59' title='bbox 144 1282 236 1325; x_wconf 84' lang='lat' dir='ltr'>ccxor</span> <span class='ocrx_word' id='word_1_60' title='bbox 246 1261 382 1345; x_wconf 79' lang='lat' dir='ltr'>procat</span> <span class='ocrx_word' id='word_1_61' title='bbox 407 1259 552 1325; x_wconf 63' lang='lat' dir='ltr'>adlatam</span> <span class='ocrx_word' id='word_1_62' title='bbox 577 1281 714 1327; x_wconf 85' lang='lat' dir='ltr'>umorem</span> <span class='ocrx_word' id='word_1_63' title='bbox 741 1260 904 1345; x_wconf 89' lang='lat' dir='ltr'>credatur,</span> <span class='ocrx_word' id='word_1_64' title='bbox 931 1282 1015 1347; x_wconf 89' lang='lat' dir='ltr'>qnae</span> <span class='ocrx_word' id='word_1_65' title='bbox 1042 1261 1107 1327; x_wconf 91' lang='lat' dir='ltr'>sibi</span> <span class='ocrx_word' id='word_1_66' title='bbox 1134 1261 1278 1327; x_wconf 84' lang='lat' dir='ltr'>adversa</span> 
     </span>
     <span class='ocr_line' id='line_1_10' title="bbox 249 1366 1277 1455; baseline 0 -22"><span class='ocrx_word' id='word_1_67' title='bbox 249 1372 441 1455; x_wconf 81' lang='lat' dir='ltr'>repugnant</span> <span class='ocrx_word' id='word_1_68' title='bbox 486 1366 539 1433; x_wconf 85' lang='lat' dir='ltr'>Me</span> <span class='ocrx_word' id='word_1_69' title='bbox 567 1368 671 1434; x_wconf 83' lang='lat' dir='ltr'>invito</span> <span class='ocrx_word' id='word_1_70' title='bbox 700 1368 847 1434; x_wconf 88' lang='lat' dir='ltr'>relictum</span> <span class='ocrx_word' id='word_1_71' title='bbox 875 1372 926 1433; x_wconf 89' lang='lat' dir='ltr'>est</span> <span class='ocrx_word' id='word_1_72' title='bbox 952 1391 982 1434; x_wconf 83' lang='lat' dir='ltr'>v.</span> <span class='ocrx_word' id='word_1_73' title='bbox 1008 1368 1080 1435; x_wconf 67' lang='lat'>927,</span> <span class='ocrx_word' id='word_1_74' title='bbox 1104 1368 1145 1434; x_wconf 89' lang='lat' dir='ltr'>ab</span> <span class='ocrx_word' id='word_1_75' title='bbox 1179 1368 1277 1434; x_wconf 90' lang='lat' dir='ltr'>initio</span> 
     </span>
     <span class='ocr_line' id='line_1_11' title="bbox 249 1473 1277 1562; baseline -0.001 -22"><span class='ocrx_word' id='word_1_76' title='bbox 249 1476 347 1541; x_wconf 90' lang='lat' dir='ltr'>metri</span> <span class='ocrx_word' id='word_1_77' title='bbox 374 1474 462 1541; x_wconf 72' lang='lat' dir='ltr'>Mihi</span> <span class='ocrx_word' id='word_1_78' title='bbox 488 1473 700 1561; x_wconf 54' lang='lat' dir='ltr'>usuam</span> <span class='ocrx_word' id='word_1_79' title='bbox 728 1498 787 1560; x_wconf 90' lang='lat' dir='ltr'>pro</span> <span class='ocrx_word' id='word_1_80' title='bbox 816 1499 880 1562; x_wconf 93' lang='lat' dir='ltr'>quo</span> <span class='ocrx_word' id='word_1_81' title='bbox 906 1498 974 1544; x_wconf 92' lang='lat' dir='ltr'>non</span> <span class='ocrx_word' id='word_1_82' title='bbox 1001 1476 1116 1542; x_wconf 88' lang='lat' dir='ltr'>dubito</span> <span class='ocrx_word' id='word_1_83' title='bbox 1145 1476 1190 1541; x_wconf 90' lang='lat' dir='ltr'>ab</span> <span class='ocrx_word' id='word_1_84' title='bbox 1213 1476 1277 1540; x_wconf 80' lang='lat' dir='ltr'>Her</span> 
     </span>
     <span class='ocr_line' id='line_1_12' title="bbox 249 1581 1257 1670; baseline 0 -23"><span class='ocrx_word' id='word_1_85' title='bbox 249 1581 452 1668; x_wconf 90' lang='lat' dir='ltr'>propositum</span> <span class='ocrx_word' id='word_1_86' title='bbox 484 1582 646 1649; x_wconf 70' lang='lat' dir='ltr'>Mutatur</span> <span class='ocrx_word' id='word_1_87' title='bbox 675 1583 755 1649; x_wconf 63' lang='lat' dir='ltr'>aaut</span> <span class='ocrx_word' id='word_1_88' title='bbox 786 1583 949 1670; x_wconf 85' lang='lat' dir='ltr'>amplecti.</span> <span class='ocrx_word' id='word_1_89' title='bbox 998 1582 1085 1650; x_wconf 90' lang='lat' dir='ltr'>Nam</span> <span class='ocrx_word' id='word_1_90' title='bbox 1117 1587 1156 1647; x_wconf 90' lang='lat' dir='ltr'>ut</span> <span class='ocrx_word' id='word_1_91' title='bbox 1188 1606 1257 1649; x_wconf 87' lang='lat' dir='ltr'>non</span> 
     </span>
     <span class='ocr_line' id='line_1_13' title="bbox 235 1688 1277 1775; baseline -0.002 -20"><span class='ocrx_word' id='word_1_92' title='bbox 235 1695 346 1775; x_wconf 75' lang='lat' dir='ltr'>,pacto</span> <span class='ocrx_word' id='word_1_93' title='bbox 370 1695 403 1755; x_wconf 87' lang='lat' dir='ltr'>et</span> <span class='ocrx_word' id='word_1_94' title='bbox 426 1688 497 1755; x_wconf 88' lang='lat' dir='ltr'>sine</span> <span class='ocrx_word' id='word_1_95' title='bbox 520 1691 609 1756; x_wconf 91' lang='lat' dir='ltr'>omni</span> <span class='ocrx_word' id='word_1_96' title='bbox 629 1691 816 1775; x_wconf 73' lang='lat' dir='ltr'>exceptione</span> <span class='ocrx_word' id='word_1_97' title='bbox 834 1688 995 1755; x_wconf 90' lang='lat' dir='ltr'>reicienda</span> <span class='ocrx_word' id='word_1_98' title='bbox 1014 1690 1057 1755; x_wconf 86' lang='lat' dir='ltr'>sit</span> <span class='ocrx_word' id='word_1_99' title='bbox 1075 1690 1277 1775; x_wconf 83' lang='lat' dir='ltr'>monosyllal</span> 
     </span>
     <span class='ocr_line' id='line_1_14' title="bbox 250 1796 1277 1881; baseline 0 -20"><span class='ocrx_word' id='word_1_100' title='bbox 250 1801 482 1863; x_wconf 73' lang='lat' dir='ltr'>consonantem</span> <span class='ocrx_word' id='word_1_101' title='bbox 510 1799 561 1862; x_wconf 76' lang='lat' dir='ltr'>usi</span> <span class='ocrx_word' id='word_1_102' title='bbox 588 1797 707 1881; x_wconf 86' lang='lat' dir='ltr'>forma,</span> <span class='ocrx_word' id='word_1_103' title='bbox 734 1802 845 1863; x_wconf 91' lang='lat' dir='ltr'>tamen</span> <span class='ocrx_word' id='word_1_104' title='bbox 867 1796 970 1861; x_wconf 88' lang='lat' dir='ltr'>multo</span> <span class='ocrx_word' id='word_1_105' title='bbox 993 1796 1093 1861; x_wconf 84' lang='lat' dir='ltr'>etiam</span> <span class='ocrx_word' id='word_1_106' title='bbox 1116 1797 1241 1862; x_wconf 84' lang='lat' dir='ltr'>certius</span> <span class='ocrx_word' id='word_1_107' title='bbox 1264 1819 1277 1861; x_wconf 83' lang='lat' dir='ltr'>e</span> 
     </span>
     <span class='ocr_line' id='line_1_15' title="bbox 249 1902 1277 1988; baseline 0.002 -20"><span class='ocrx_word' id='word_1_108' title='bbox 249 1904 363 1987; x_wconf 83' lang='lat' dir='ltr'>quovis</span> <span class='ocrx_word' id='word_1_109' title='bbox 387 1903 482 1969; x_wconf 91' lang='lat' dir='ltr'>modo</span> <span class='ocrx_word' id='word_1_110' title='bbox 502 1908 535 1969; x_wconf 91' lang='lat' dir='ltr'>et</span> <span class='ocrx_word' id='word_1_111' title='bbox 553 1904 624 1969; x_wconf 90' lang='lat' dir='ltr'>sine</span> <span class='ocrx_word' id='word_1_112' title='bbox 642 1904 711 1970; x_wconf 88' lang='lat' dir='ltr'>ulla</span> <span class='ocrx_word' id='word_1_113' title='bbox 729 1904 878 1971; x_wconf 85' lang='lat' dir='ltr'>cautione</span> <span class='ocrx_word' id='word_1_114' title='bbox 897 1902 1098 1988; x_wconf 79' lang='lat' dir='ltr'>probandam</span> <span class='ocrx_word' id='word_1_115' title='bbox 1116 1924 1198 1968; x_wconf 87' lang='lat' dir='ltr'>esse.</span> <span class='ocrx_word' id='word_1_116' title='bbox 1236 1902 1277 1970; x_wconf 70' lang='grc' dir='ltr'>Ο(</span> 
     </span>
     <span class='ocr_line' id='line_1_16' title="bbox 250 2009 1277 2095; baseline 0.002 -21"><span class='ocrx_word' id='word_1_117' title='bbox 250 2010 399 2095; x_wconf 88' lang='lat' dir='ltr'>equidem</span> <span class='ocrx_word' id='word_1_118' title='bbox 426 2011 571 2077; x_wconf 91' lang='lat' dir='ltr'>nondum</span> <span class='ocrx_word' id='word_1_119' title='bbox 598 2014 669 2077; x_wconf 89' lang='lat' dir='ltr'>tam</span> <span class='ocrx_word' id='word_1_120' title='bbox 697 2016 785 2077; x_wconf 86' lang='lat' dir='ltr'>certo</span> <span class='ocrx_word' id='word_1_121' title='bbox 814 2011 895 2077; x_wconf 92' lang='lat' dir='ltr'>mihi</span> <span class='ocrx_word' id='word_1_122' title='bbox 922 2009 962 2077; x_wconf 93' lang='lat' dir='ltr'>de</span> <span class='ocrx_word' id='word_1_123' title='bbox 988 2014 1040 2075; x_wconf 90' lang='lat' dir='ltr'>sat</span> <span class='ocrx_word' id='word_1_124' title='bbox 1066 2010 1196 2075; x_wconf 89' lang='lat' dir='ltr'>lubrica</span> <span class='ocrx_word' id='word_1_125' title='bbox 1219 2010 1277 2076; x_wconf 82' lang='lat' dir='ltr'>hac</span> 
     </span>
     <span class='ocr_line' id='line_1_17' title="bbox 249 2116 1277 2202; baseline 0.002 -21"><span class='ocrx_word' id='word_1_126' title='bbox 249 2116 354 2182; x_wconf 90' lang='lat' dir='ltr'>stione</span> <span class='ocrx_word' id='word_1_127' title='bbox 382 2122 608 2202; x_wconf 87' lang='lat' dir='ltr'>constarent,</span> <span class='ocrx_word' id='word_1_128' title='bbox 636 2118 722 2184; x_wconf 81' lang='lat' dir='ltr'>sitne</span> <span class='ocrx_word' id='word_1_129' title='bbox 749 2118 809 2183; x_wconf 88' lang='lat' dir='ltr'>illa</span> <span class='ocrx_word' id='word_1_130' title='bbox 834 2118 966 2183; x_wconf 91' lang='lat' dir='ltr'>omnino</span> <span class='ocrx_word' id='word_1_131' title='bbox 995 2117 1103 2202; x_wconf 85' lang='lat' dir='ltr'>aliqua</span> <span class='ocrx_word' id='word_1_132' title='bbox 1130 2117 1277 2183; x_wconf 81' lang='lat' dir='ltr'>condicit</span> 
     </span>
     <span class='ocr_line' id='line_1_18' title="bbox 249 2224 1277 2310; baseline -0.001 -22"><span class='ocrx_word' id='word_1_133' title='bbox 249 2224 350 2289; x_wconf 90' lang='lat' dir='ltr'>missa</span> <span class='ocrx_word' id='word_1_134' title='bbox 373 2247 415 2290; x_wconf 89' lang='lat' dir='ltr'>an</span> <span class='ocrx_word' id='word_1_135' title='bbox 438 2229 627 2291; x_wconf 87' lang='lat' dir='ltr'>constanter</span> <span class='ocrx_word' id='word_1_136' title='bbox 649 2225 816 2310; x_wconf 89' lang='lat' dir='ltr'>repudiata</span> <span class='ocrx_word' id='word_1_137' title='bbox 839 2226 872 2292; x_wconf 91' lang='lat' dir='ltr'>iu</span> <span class='ocrx_word' id='word_1_138' title='bbox 896 2224 1075 2308; x_wconf 87' lang='lat' dir='ltr'>comoedia,</span> <span class='ocrx_word' id='word_1_139' title='bbox 1102 2224 1249 2289; x_wconf 87' lang='lat' dir='ltr'>audeam</span> <span class='ocrx_word' id='word_1_140' title='bbox 1271 2250 1277 2287; x_wconf 68' lang='grc' dir='ltr'>ι</span> 
     </span>
     <span class='ocr_line' id='line_1_19' title="bbox 249 2330 1276 2414; baseline 0.001 -19"><span class='ocrx_word' id='word_1_141' title='bbox 249 2332 475 2398; x_wconf 86' lang='lat' dir='ltr'>confidentius:</span> <span class='ocrx_word' id='word_1_142' title='bbox 498 2354 610 2398; x_wconf 84' lang='lat' dir='ltr'>verum</span> <span class='ocrx_word' id='word_1_143' title='bbox 633 2333 662 2398; x_wconf 91' lang='lat' dir='ltr'>si</span> <span class='ocrx_word' id='word_1_144' title='bbox 685 2333 781 2398; x_wconf 92' lang='lat' dir='ltr'>modo</span> <span class='ocrx_word' id='word_1_145' title='bbox 805 2337 856 2397; x_wconf 91' lang='lat' dir='ltr'>est</span> <span class='ocrx_word' id='word_1_146' title='bbox 879 2332 1028 2414; x_wconf 83' lang='lat' dir='ltr'>admissa,</span> <span class='ocrx_word' id='word_1_147' title='bbox 1051 2330 1090 2395; x_wconf 92' lang='lat' dir='ltr'>dc</span> <span class='ocrx_word' id='word_1_148' title='bbox 1110 2330 1276 2397; x_wconf 87' lang='lat' dir='ltr'>admitteu</span> 
     </span>
     <span class='ocr_line' id='line_1_20' title="bbox 247 2437 1277 2524; baseline 0.001 -21"><span class='ocrx_word' id='word_1_149' title='bbox 247 2437 372 2505; x_wconf 90' lang='lat' dir='ltr'>dicione</span> <span class='ocrx_word' id='word_1_150' title='bbox 394 2439 457 2506; x_wconf 90' lang='lat' dir='ltr'>hoc</span> <span class='ocrx_word' id='word_1_151' title='bbox 481 2439 592 2504; x_wconf 87' lang='lat' dir='ltr'>videor</span> <span class='ocrx_word' id='word_1_152' title='bbox 615 2438 779 2504; x_wconf 86' lang='lat' dir='ltr'>affirmare</span> <span class='ocrx_word' id='word_1_153' title='bbox 803 2460 908 2524; x_wconf 85' lang='lat' dir='ltr'>posse,</span> <span class='ocrx_word' id='word_1_154' title='bbox 931 2443 967 2503; x_wconf 90' lang='lat' dir='ltr'>ut</span> <span class='ocrx_word' id='word_1_155' title='bbox 991 2438 1031 2502; x_wconf 92' lang='lat' dir='ltr'>ab</span> <span class='ocrx_word' id='word_1_156' title='bbox 1056 2438 1122 2503; x_wconf 88' lang='lat' dir='ltr'>arsi</span> <span class='ocrx_word' id='word_1_157' title='bbox 1146 2439 1277 2504; x_wconf 86' lang='lat' dir='ltr'>exclusa</span> 
     </span>
    </p>
   </div>
   <div class='ocr_carea' id='block_1_4' title="bbox 247 2543 1277 2737">
    <p class='ocr_par' dir='ltr' id='par_1_4' title="bbox 247 2543 1277 2737">
     <span class='ocr_line' id='line_1_21' title="bbox 248 2543 1277 2632; baseline 0.001 -23"><span class='ocrx_word' id='word_1_158' title='bbox 248 2565 319 2609; x_wconf 87' lang='lat' dir='ltr'>esse</span> <span class='ocrx_word' id='word_1_159' title='bbox 345 2545 432 2610; x_wconf 93' lang='lat' dir='ltr'>thesi</span> <span class='ocrx_word' id='word_1_160' title='bbox 461 2546 667 2611; x_wconf 89' lang='lat' dir='ltr'>tribuendam</span> <span class='ocrx_word' id='word_1_161' title='bbox 696 2543 889 2632; x_wconf 81' lang='lat' dir='ltr'>dicam.***)</span> <span class='ocrx_word' id='word_1_162' title='bbox 934 2545 979 2610; x_wconf 81' lang='lat' dir='ltr'>Et</span> <span class='ocrx_word' id='word_1_163' title='bbox 1009 2546 1042 2609; x_wconf 92' lang='lat' dir='ltr'>in</span> <span class='ocrx_word' id='word_1_164' title='bbox 1071 2544 1159 2609; x_wconf 87' lang='lat' dir='ltr'>thesi</span> <span class='ocrx_word' id='word_1_165' title='bbox 1187 2546 1277 2631; x_wconf 68' lang='lat' dir='ltr'>quide</span> 
     </span>
     <span class='ocr_line' id='line_1_22' title="bbox 247 2649 1230 2737; baseline 0.003 -22"><span class='ocrx_word' id='word_1_166' title='bbox 247 2649 395 2716; x_wconf 82' lang='lat' dir='ltr'>Catullus</span> <span class='ocrx_word' id='word_1_167' title='bbox 419 2653 545 2737; x_wconf 81' lang='lat' dir='ltr'>defugit</span> <span class='ocrx_word' id='word_1_168' title='bbox 567 2654 617 2717; x_wconf 85' lang='lat' dir='ltr'>vel</span> <span class='ocrx_word' id='word_1_169' title='bbox 642 2655 674 2718; x_wconf 90' lang='lat' dir='ltr'>iu</span> <span class='ocrx_word' id='word_1_170' title='bbox 698 2653 837 2717; x_wconf 87' lang='lat' dir='ltr'>iambico</span> <span class='ocrx_word' id='word_1_171' title='bbox 861 2666 954 2717; x_wconf 83' lang='lat' dir='ltr'>versu&#39;</span> <span class='ocrx_word' id='word_1_172' title='bbox 978 2650 1144 2733; x_wconf 87' lang='lat' dir='ltr'>XXXVII,</span> <span class='ocrx_word' id='word_1_173' title='bbox 1174 2658 1230 2718; x_wconf 90' lang='lat' dir='ltr'>ll:</span> 
     </span>
    </p>
   </div>
   <div class='ocr_carea' id='block_1_5' title="bbox 245 2812 1041 3056">
    <p class='ocr_par' dir='ltr' id='par_1_5' title="bbox 245 2812 1041 3056">
     <span class='ocr_line' id='line_1_23' title="bbox 335 2812 1041 2898; baseline 0 -22"><span class='ocrx_word' id='word_1_174' title='bbox 335 2812 449 2878; x_wconf 89' lang='lat' dir='ltr'>Puella</span> <span class='ocrx_word' id='word_1_175' title='bbox 471 2836 547 2878; x_wconf 89' lang='lat' dir='ltr'>nam</span> <span class='ocrx_word' id='word_1_176' title='bbox 570 2814 625 2897; x_wconf 89' lang='lat' dir='ltr'>mi,</span> <span class='ocrx_word' id='word_1_177' title='bbox 648 2837 730 2898; x_wconf 86' lang='lat' dir='ltr'>quae</span> <span class='ocrx_word' id='word_1_178' title='bbox 754 2836 824 2878; x_wconf 90' lang='lat' dir='ltr'>meo</span> <span class='ocrx_word' id='word_1_179' title='bbox 851 2814 922 2878; x_wconf 88' lang='lat' dir='ltr'>sinu</span> <span class='ocrx_word' id='word_1_180' title='bbox 947 2812 1041 2898; x_wconf 83' lang='lat' dir='ltr'>fugit,</span> 
     </span>
     <span class='ocr_line' id='line_1_24' title="bbox 245 2972 708 3056; baseline 0.006 -21"><span class='ocrx_word' id='word_1_181' title='bbox 245 2973 296 3036; x_wconf 86' lang='lat' dir='ltr'>vel</span> <span class='ocrx_word' id='word_1_182' title='bbox 321 2973 354 3035; x_wconf 93' lang='lat' dir='ltr'>in</span> <span class='ocrx_word' id='word_1_183' title='bbox 379 2972 451 3037; x_wconf 87' lang='lat' dir='ltr'>basi</span> <span class='ocrx_word' id='word_1_184' title='bbox 475 2973 514 3056; x_wconf 88' lang='lat' dir='ltr'>V,</span> <span class='ocrx_word' id='word_1_185' title='bbox 538 2976 566 3039; x_wconf 78' lang='lat'>7.</span> <span class='ocrx_word' id='word_1_186' title='bbox 590 2974 628 3052; x_wconf 93' lang='lat' dir='ltr'>X,</span> <span class='ocrx_word' id='word_1_187' title='bbox 650 2975 708 3038; x_wconf 75' lang='lat'>21:</span> 
     </span>
    </p>
   </div>
   <div class='ocr_carea' id='block_1_6' title="bbox 333 3114 1104 3307">
    <p class='ocr_par' dir='ltr' id='par_1_6' title="bbox 333 3114 1104 3307">
     <span class='ocr_line' id='line_1_25' title="bbox 334 3114 987 3194; baseline 0.003 -16"><span class='ocrx_word' id='word_1_188' title='bbox 334 3114 385 3179; x_wconf 85' lang='lat' dir='ltr'>Da</span> <span class='ocrx_word' id='word_1_189' title='bbox 408 3115 452 3179; x_wconf 88' lang='lat' dir='ltr'>mi</span> <span class='ocrx_word' id='word_1_190' title='bbox 477 3115 570 3180; x_wconf 90' lang='lat' dir='ltr'>basia</span> <span class='ocrx_word' id='word_1_191' title='bbox 591 3116 688 3194; x_wconf 88' lang='lat' dir='ltr'>mille,</span> <span class='ocrx_word' id='word_1_192' title='bbox 712 3116 827 3181; x_wconf 86' lang='lat' dir='ltr'>deinde</span> <span class='ocrx_word' id='word_1_193' title='bbox 850 3120 987 3181; x_wconf 90' lang='lat' dir='ltr'>centum.</span> 
     </span>
     <span class='ocr_line' id='line_1_26' title="bbox 333 3220 1104 3307; baseline 0.004 -24"><span class='ocrx_word' id='word_1_194' title='bbox 333 3220 379 3283; x_wconf 82' lang='lat' dir='ltr'>At</span> <span class='ocrx_word' id='word_1_195' title='bbox 403 3221 447 3284; x_wconf 89' lang='lat' dir='ltr'>mi</span> <span class='ocrx_word' id='word_1_196' title='bbox 470 3220 579 3285; x_wconf 92' lang='lat' dir='ltr'>nullus</span> <span class='ocrx_word' id='word_1_197' title='bbox 604 3226 675 3285; x_wconf 87' lang='lat' dir='ltr'>erat</span> <span class='ocrx_word' id='word_1_198' title='bbox 697 3244 801 3307; x_wconf 87' lang='lat' dir='ltr'>neque</span> <span class='ocrx_word' id='word_1_199' title='bbox 825 3222 879 3286; x_wconf 92' lang='lat' dir='ltr'>hic</span> <span class='ocrx_word' id='word_1_200' title='bbox 903 3244 1005 3306; x_wconf 88' lang='lat' dir='ltr'>neque</span> <span class='ocrx_word' id='word_1_201' title='bbox 1029 3221 1104 3286; x_wconf 89' lang='lat' dir='ltr'>illie.</span> 
     </span>
    </p>
   </div>
   <div class='ocr_carea' id='block_1_7' title="bbox 243 3358 1266 3555">
    <p class='ocr_par' dir='ltr' id='par_1_7' title="bbox 243 3358 1266 3555">
     <span class='ocr_line' id='line_1_27' title="bbox 243 3358 1266 3450; baseline 0.006 -26"><span class='ocrx_word' id='word_1_202' title='bbox 243 3358 306 3437; x_wconf 73' lang='lat' dir='ltr'>Sed</span> <span class='ocrx_word' id='word_1_203' title='bbox 329 3365 364 3426; x_wconf 92' lang='lat' dir='ltr'>in</span> <span class='ocrx_word' id='word_1_204' title='bbox 387 3364 453 3427; x_wconf 88' lang='lat' dir='ltr'>arsi</span> <span class='ocrx_word' id='word_1_205' title='bbox 473 3363 624 3446; x_wconf 86' lang='lat' dir='ltr'>dactylici</span> <span class='ocrx_word' id='word_1_206' title='bbox 643 3364 772 3429; x_wconf 89' lang='lat' dir='ltr'>demum</span> <span class='ocrx_word' id='word_1_207' title='bbox 791 3369 909 3450; x_wconf 83' lang='lat' dir='ltr'>poetae</span> <span class='ocrx_word' id='word_1_208' title='bbox 928 3363 1083 3429; x_wconf 83' lang='lat' dir='ltr'>ascivisse</span> <span class='ocrx_word' id='word_1_209' title='bbox 1101 3365 1266 3432; x_wconf 85' lang='lat' dir='ltr'>videntur.</span> 
     </span>
     <span class='ocr_line' id='line_1_28' title="bbox 243 3468 832 3555; baseline 0.01 -25"><span class='ocrx_word' id='word_1_210' title='bbox 243 3471 342 3533; x_wconf 89' lang='lat' dir='ltr'>semel</span> <span class='ocrx_word' id='word_1_211' title='bbox 366 3469 451 3534; x_wconf 91' lang='lat' dir='ltr'>idem</span> <span class='ocrx_word' id='word_1_212' title='bbox 475 3468 623 3534; x_wconf 79' lang='lat' dir='ltr'>Catullus</span> <span class='ocrx_word' id='word_1_213' title='bbox 647 3470 776 3555; x_wconf 87' lang='lat' dir='ltr'>LXXII,</span> <span class='ocrx_word' id='word_1_214' title='bbox 800 3472 832 3537; x_wconf 77' lang='lat'>6:</span> 
     </span>
    </p>
   </div>
   <div class='ocr_carea' id='block_1_8' title="bbox 331 3610 1015 3680">
    <p class='ocr_par' dir='ltr' id='par_1_8' title="bbox 331 3610 1015 3680">
     <span class='ocr_line' id='line_1_29' title="bbox 331 3610 1015 3680; baseline 0.004 -5"><span class='ocrx_word' id='word_1_215' title='bbox 331 3610 437 3676; x_wconf 92' lang='lat' dir='ltr'>Multo</span> <span class='ocrx_word' id='word_1_216' title='bbox 462 3613 505 3676; x_wconf 92' lang='lat' dir='ltr'>mi</span> <span class='ocrx_word' id='word_1_217' title='bbox 530 3616 639 3679; x_wconf 88' lang='lat' dir='ltr'>tamen</span> <span class='ocrx_word' id='word_1_218' title='bbox 664 3636 698 3677; x_wconf 90' lang='lat' dir='ltr'>es</span> <span class='ocrx_word' id='word_1_219' title='bbox 721 3615 819 3679; x_wconf 88' lang='lat' dir='ltr'>uilior</span> <span class='ocrx_word' id='word_1_220' title='bbox 842 3620 876 3679; x_wconf 87' lang='lat' dir='ltr'>et</span> <span class='ocrx_word' id='word_1_221' title='bbox 898 3614 1015 3680; x_wconf 87' lang='lat' dir='ltr'>leuior:</span> 
     </span>
    </p>
   </div>
   <div class='ocr_carea' id='block_1_9' title="bbox 241 3750 1277 3840">
    <p class='ocr_par' dir='ltr' id='par_1_9' title="bbox 241 3750 1277 3840">
     <span class='ocr_line' id='line_1_30' title="bbox 241 3750 1277 3840; baseline 0.009 -26"><span class='ocrx_word' id='word_1_222' title='bbox 241 3757 274 3815; x_wconf 91' lang='lat' dir='ltr'>et</span> <span class='ocrx_word' id='word_1_223' title='bbox 287 3750 413 3818; x_wconf 81' lang='lat' dir='ltr'>Ennius</span> <span class='ocrx_word' id='word_1_224' title='bbox 428 3756 513 3839; x_wconf 85' lang='lat' dir='ltr'>apud</span> <span class='ocrx_word' id='word_1_225' title='bbox 530 3755 731 3822; x_wconf 86' lang='lat' dir='ltr'>Macrobium</span> <span class='ocrx_word' id='word_1_226' title='bbox 749 3756 813 3823; x_wconf 88' lang='lat' dir='ltr'>Sat.</span> <span class='ocrx_word' id='word_1_227' title='bbox 830 3757 886 3840; x_wconf 91' lang='lat' dir='ltr'>Vl,</span> <span class='ocrx_word' id='word_1_228' title='bbox 904 3761 932 3840; x_wconf 88' lang='lat'>1,</span> <span class='ocrx_word' id='word_1_229' title='bbox 955 3754 1149 3822; x_wconf 79' lang='lat' dir='ltr'>Ciceronem</span> <span class='ocrx_word' id='word_1_230' title='bbox 1165 3757 1206 3821; x_wconf 85' lang='lat' dir='ltr'>de</span> <span class='ocrx_word' id='word_1_231' title='bbox 1222 3759 1277 3823; x_wconf 78' lang='lat' dir='ltr'>off.</span> 
     </span>
    </p>
   </div>
   <div class='ocr_carea' id='block_1_10' title="bbox 235 4000 1277 4518">
    <p class='ocr_par' dir='ltr' id='par_1_10' title="bbox 235 4000 1277 4518">
     <span class='ocr_line' id='line_1_31' title="bbox 328 4000 1277 4071; baseline 0.003 -17"><span class='ocrx_word' id='word_1_232' title='bbox 328 4000 353 4067; x_wconf 84' lang='grc'>*)</span> <span class='ocrx_word' id='word_1_233' title='bbox 373 4002 432 4071; x_wconf 76' lang='lat' dir='ltr'>[epo</span> <span class='ocrx_word' id='word_1_234' title='bbox 454 4004 513 4057; x_wconf 70' lang='lat' dir='ltr'>dea</span> <span class='ocrx_word' id='word_1_235' title='bbox 537 4021 637 4058; x_wconf 76' lang='lat' dir='ltr'>aarum</span> <span class='ocrx_word' id='word_1_236' title='bbox 660 4021 723 4059; x_wconf 94' lang='lat' dir='ltr'>cum</span> <span class='ocrx_word' id='word_1_237' title='bbox 747 4005 907 4060; x_wconf 89' lang='lat' dir='ltr'>Hermanno</span> <span class='ocrx_word' id='word_1_238' title='bbox 933 4004 1106 4059; x_wconf 80' lang='lat' dir='ltr'>Bitschelius</span> <span class='ocrx_word' id='word_1_239' title='bbox 1130 4004 1214 4060; x_wconf 86' lang='lat' dir='ltr'>dedit</span> <span class='ocrx_word' id='word_1_240' title='bbox 1236 4007 1277 4061; x_wconf 63' lang='lat' dir='ltr'>adi</span> 
     </span>
     <span class='ocr_line' id='line_1_32' title="bbox 237 4086 1277 4163; baseline 0.005 -21"><span class='ocrx_word' id='word_1_241' title='bbox 237 4086 281 4142; x_wconf 87' lang='lat' dir='ltr'>ed.</span> <span class='ocrx_word' id='word_1_242' title='bbox 301 4089 364 4143; x_wconf 81' lang='lat' dir='ltr'>alt:</span> <span class='ocrx_word' id='word_1_243' title='bbox 395 4091 456 4161; x_wconf 83' lang='lat' dir='ltr'>‘pro</span> <span class='ocrx_word' id='word_1_244' title='bbox 479 4109 535 4161; x_wconf 92' lang='lat' dir='ltr'>quo</span> <span class='ocrx_word' id='word_1_245' title='bbox 560 4097 656 4149; x_wconf 88' lang='lat' dir='ltr'>tamen</span> <span class='ocrx_word' id='word_1_246' title='bbox 679 4093 765 4149; x_wconf 84' lang='lat' dir='ltr'>etiam</span> <span class='ocrx_word' id='word_1_247' title='bbox 788 4096 848 4149; x_wconf 77' lang='lat' dir='ltr'>de&#39;m</span> <span class='ocrx_word' id='word_1_248' title='bbox 872 4111 919 4163; x_wconf 75' lang='lat' dir='ltr'>epo</span> <span class='ocrx_word' id='word_1_249' title='bbox 943 4110 1043 4147; x_wconf 80' lang='lat' dir='ltr'>aarum</span> <span class='ocrx_word' id='word_1_250' title='bbox 1069 4094 1116 4147; x_wconf 82' lang='lat' dir='ltr'>vel</span> <span class='ocrx_word' id='word_1_251' title='bbox 1140 4112 1245 4150; x_wconf 72' lang='lat' dir='ltr'>narsem</span> <span class='ocrx_word' id='word_1_252' title='bbox 1270 4116 1277 4147; x_wconf 73' lang='grc' dir='ltr'>ι</span> 
     </span>
     <span class='ocr_line' id='line_1_33' title="bbox 236 4174 1277 4252; baseline 0.011 -23"><span class='ocrx_word' id='word_1_253' title='bbox 236 4174 355 4244; x_wconf 86' lang='lat' dir='ltr'>licebat;</span> <span class='ocrx_word' id='word_1_254' title='bbox 374 4195 421 4248; x_wconf 72' lang='lat' dir='ltr'>eqo</span> <span class='ocrx_word' id='word_1_255' title='bbox 435 4198 535 4236; x_wconf 74' lang='lat' dir='ltr'>aarum</span> <span class='ocrx_word' id='word_1_256' title='bbox 548 4183 608 4236; x_wconf 83' lang='lat' dir='ltr'>dem</span> <span class='ocrx_word' id='word_1_257' title='bbox 622 4182 670 4251; x_wconf 90' lang='lat' dir='ltr'>qui</span> <span class='ocrx_word' id='word_1_258' title='bbox 684 4183 758 4237; x_wconf 87' lang='lat' dir='ltr'>tueri</span> <span class='ocrx_word' id='word_1_259' title='bbox 772 4184 857 4252; x_wconf 68' lang='lat' dir='ltr'>volet,</span> <span class='ocrx_word' id='word_1_260' title='bbox 875 4184 915 4237; x_wconf 84' lang='lat' dir='ltr'>mi</span> <span class='ocrx_word' id='word_1_261' title='bbox 932 4199 984 4252; x_wconf 90' lang='lat' dir='ltr'>pro</span> <span class='ocrx_word' id='word_1_262' title='bbox 1000 4182 1070 4236; x_wconf 78' lang='lat' dir='ltr'>miti</span> <span class='ocrx_word' id='word_1_263' title='bbox 1089 4183 1201 4239; x_wconf 85' lang='lat' dir='ltr'>scribat</span> <span class='ocrx_word' id='word_1_264' title='bbox 1215 4203 1277 4240; x_wconf 81' lang='lat' dir='ltr'>nece</span> 
     </span>
     <span class='ocr_line' id='line_1_34' title="bbox 235 4268 987 4342; baseline 0.009 -23"><span class='ocrx_word' id='word_1_265' title='bbox 235 4269 353 4320; x_wconf 90' lang='lat' dir='ltr'>accentu</span> <span class='ocrx_word' id='word_1_266' title='bbox 372 4268 479 4338; x_wconf 87' lang='lat' dir='ltr'>inipso</span> <span class='ocrx_word' id='word_1_267' title='bbox 498 4270 552 4325; x_wconf 85' lang='lat' dir='ltr'>fine</span> <span class='ocrx_word' id='word_1_268' title='bbox 571 4272 728 4327; x_wconf 87' lang='lat' dir='ltr'>sententiae</span> <span class='ocrx_word' id='word_1_269' title='bbox 747 4272 794 4327; x_wconf 79' lang='lat' dir='ltr'>vir</span> <span class='ocrx_word' id='word_1_270' title='bbox 812 4271 987 4342; x_wconf 84' lang='lat' dir='ltr'>probabili&#39;]</span> 
     </span>
     <span class='ocr_line' id='line_1_35' title="bbox 307 4355 1277 4428; baseline 0.011 -17"><span class='ocrx_word' id='word_1_271' title='bbox 307 4355 349 4424; x_wconf 88' lang='lat'>**)</span> <span class='ocrx_word' id='word_1_272' title='bbox 370 4358 508 4428; x_wconf 81' lang='lat' dir='ltr'>[Reliquit</span> <span class='ocrx_word' id='word_1_273' title='bbox 525 4360 554 4414; x_wconf 89' lang='lat' dir='ltr'>in</span> <span class='ocrx_word' id='word_1_274' title='bbox 574 4359 617 4416; x_wconf 87' lang='lat' dir='ltr'>ed.</span> <span class='ocrx_word' id='word_1_275' title='bbox 632 4362 680 4416; x_wconf 87' lang='lat' dir='ltr'>alt.</span> <span class='ocrx_word' id='word_1_276' title='bbox 700 4361 871 4416; x_wconf 83' lang='lat' dir='ltr'>Bitschelius</span> <span class='ocrx_word' id='word_1_277' title='bbox 890 4378 954 4415; x_wconf 89' lang='lat' dir='ltr'>cum</span> <span class='ocrx_word' id='word_1_278' title='bbox 974 4360 1071 4416; x_wconf 85' lang='lat' dir='ltr'>Reiaio</span> <span class='ocrx_word' id='word_1_279' title='bbox 1091 4364 1132 4417; x_wconf 84' lang='lat' dir='ltr'>mi</span> <span class='ocrx_word' id='word_1_280' title='bbox 1152 4366 1277 4422; x_wconf 85' lang='lat' dir='ltr'>scribens</span> 
     </span>
     <span class='ocr_line' id='line_1_36' title="bbox 288 4442 879 4518; baseline 0.01 -22"><span class='ocrx_word' id='word_1_281' title='bbox 288 4442 346 4511; x_wconf 81' lang='lat'><strong>***)</strong></span> <span class='ocrx_word' id='word_1_282' title='bbox 366 4445 418 4514; x_wconf 72' lang='lat' dir='ltr'>[Cf.</span> <span class='ocrx_word' id='word_1_283' title='bbox 440 4446 540 4515; x_wconf 82' lang='lat' dir='ltr'>Opnsc.</span> <span class='ocrx_word' id='word_1_284' title='bbox 560 4447 630 4516; x_wconf 89' lang='lat' dir='ltr'>phil.</span> <span class='ocrx_word' id='word_1_285' title='bbox 650 4450 675 4502; x_wconf 92' lang='lat' dir='ltr'>II</span> <span class='ocrx_word' id='word_1_286' title='bbox 693 4468 720 4518; x_wconf 87' lang='lat' dir='ltr'>p.</span> <span class='ocrx_word' id='word_1_287' title='bbox 741 4450 879 4517; x_wconf 71' lang='lat' dir='ltr'><strong>588⁸qu</strong></span> 
     </span>
    </p>
   </div>
   <div class='ocr_carea' id='block_1_11' title="bbox 0 0 1422 5034">
    <p class='ocr_par' dir='ltr' id='par_1_11' title="bbox 0 0 1422 5034">
     <span class='ocr_line' id='line_1_37' title="bbox 0 0 1422 5034; baseline 0 1"><span class='ocrx_word' id='word_1_288' title='bbox 0 0 1422 5034; x_wconf 95' lang='lat' dir='ltr'> </span> 
     </span>
    </p>
   </div>
  </div>
 </body>
</html>
