2886 5032
450 95 527 158 pore
552 73 617 136 iere
636 92 812 154 numquam
832 68 1017 133 intermisso
1037 91 1109 133 eum
1129 69 1316 153 philosophi
1337 90 1443 152 perve

450 187 520 246 tum
543 179 715 265 philologi,
745 177 928 261 nuperrime
952 176 1091 241 eiusdem
1116 176 1295 241 industriae
1319 199 1425 241 comm

452 288 501 374 pit
529 286 628 352 etiam
657 284 893 349 adoraturum
922 284 1122 368 perditorum
1145 283 1300 367 reliquias
1326 285 1443 368 pertin

451 416 549 458 uuum
573 396 623 455 est
647 411 749 475 genus
774 391 958 455 litterarum
982 389 1158 474 quoddam,
1181 388 1267 474 quod
1290 413 1441 476 propem

451 502 518 564 lum
554 498 737 582 neglectum
770 497 882 580 iaeuit,
915 519 954 560 ue
987 496 1091 560 dieam
1123 473 1356 580 hontemptum.
1405 499 1431 574 Q

452 606 797 692 grammaticorum
822 604 961 669 historia
984 608 1059 669 ante
1083 604 1144 669 hos
1167 626 1288 687 paucos
1313 627 1416 669 annos

451 735 523 777 rum
560 712 784 776 elaboraverat
820 733 928 775 nemo:
965 733 1067 795 neque
1099 711 1196 775 hodie
1233 716 1364 797 praeter
1403 712 1422 775 d

453 841 533 906 quos
561 820 595 884 in
625 819 826 904 praefatione
848 818 993 902 laudavi,
1020 841 1216 904 quemquam
1245 820 1278 884 in
1307 841 1345 883 eo
1375 839 1437 903 gen

452 928 630 994 nominare.
666 925 737 991 Hoe
761 927 861 1010 igitur
885 926 917 990 in
941 926 1048 1010 spatio
1072 926 1220 1010 equidem
1244 927 1413 993 elaborare
1438 954 1443 983 ι

453 1058 513 1101 nee
545 1034 657 1119 quaeri
685 1038 759 1117 post
787 1055 838 1115 ea,
866 1055 948 1118 quae
981 1035 1127 1118 exposui,
1159 1058 1179 1098 a
1212 1056 1375 1119 quoquam
1410 1056 1443 1117 ps

455 1143 562 1225 etima,
586 1141 753 1205 utiliterne
781 1144 814 1204 et
842 1139 884 1203 ad
911 1139 1146 1224 promovendas
1170 1140 1298 1205 litteras
1322 1145 1438 1205 nostra

456 1250 584 1315 modate
608 1247 687 1312 illud
710 1247 921 1327 instituerim,
948 1247 1034 1331 quod
1057 1268 1129 1311 eum
1153 1269 1211 1331 per
1234 1269 1268 1311 se
1290 1269 1440 1312 necessat

455 1379 550 1422 nemo
574 1355 694 1420 infitias
718 1358 785 1438 eat,
808 1357 919 1418 tamen
943 1357 1107 1419 tentatum
1131 1354 1235 1419 adhue
1258 1355 1302 1419 sit
1325 1377 1346 1418 a
1369 1354 1438 1418 null

544 1461 640 1528 Nunc
676 1462 791 1545 igitur,
827 1463 864 1525 ut
894 1465 1077 1526 revertatur
1112 1460 1196 1525 unde
1225 1461 1374 1546 profecta
1406 1484 1440 1525 es

374 1586 376 1592 '
457 1592 543 1635 nune
566 1573 645 1654 puto
670 1571 816 1653 apparet,
839 1588 896 1631 our
914 1590 979 1632 non
997 1568 1103 1652 possit
1123 1589 1232 1633 eorum
1252 1568 1443 1652 exspectati

458 1677 538 1760 fieri,
559 1677 586 1741 si
602 1676 657 1761 qui
672 1676 763 1759 talia,
782 1675 876 1758 quale
899 1675 1048 1759 tractari,
1071 1679 1264 1760 argumenta
1287 1674 1421 1740 fastidia

458 1783 662 1848 maohentur:
694 1805 752 1847 eur
782 1781 956 1865 noluerim,
988 1781 1016 1845 si
1049 1781 1129 1845 mihi
1163 1781 1278 1846 vellem
1306 1782 1377 1865 ipse
1407 1806 1435 1846 ε·

457 1891 564 1956 locum
597 1890 736 1973 aliquem
769 1877 972 1953 communem
1004 1910 1043 1952 ex
1075 1888 1114 1953 iis
1147 1911 1325 1973 proponere
1355 1889 1395 1954 ad

459 1998 549 2083 dum,
572 1999 627 2083 qui
650 1998 717 2062 fere
740 1997 894 2062 tralatieii
919 2000 1008 2079 sunt,
1031 1997 1121 2061 velut
1144 2002 1253 2062 utrum
1277 1999 1382 2063 maior
1409 2022 1442 2084 p=

460 2106 582 2172 rander
609 2127 648 2169 au
678 2105 745 2170 filio
773 2104 944 2188 Philippus
974 2104 1083 2183 flent,
1107 2109 1214 2169 utrum
1237 2105 1425 2171 detrimenti

460 2213 615 2278 utilitatis
634 2234 651 2276 e
670 2209 879 2295 Carthaginis
899 2210 1022 2274 exeidio
1042 2210 1181 2275 ltomani
1200 2212 1354 2295 ceperint,
1373 2215 1424 2276 vel

460 2320 564 2384 nitate
579 2318 786 2402 philologiae,
806 2318 856 2381 vel
872 2316 910 2381 de
930 2317 1087 2380 librorum
1107 2315 1260 2380 subsidiis
1279 2317 1320 2381 ad
1340 2319 1428 2383 studi

461 2427 567 2511 legiae
586 2426 776 2490 necessariis
799 2429 832 2489 et
856 2447 937 2508 quae
961 2429 1038 2489 sunt
1057 2423 1184 2488 similia
1223 2423 1308 2488 Nam
1329 2429 1365 2488 ut
1385 2448 1441 2510 par
