2836 5034
229 309 294 375 448
519 320 783 372 sacrationum
807 317 854 367 rm
878 314 1089 367 1111011111

328 516 737 532 .......
789 465 897 530 hercle
920 461 1039 547 operae'
1062 459 1200 545 pretium
1218 461 1281 546 quib

730 623 736 636 .
790 571 985 637 conueniam
1008 571 1168 655 quantum
1188 573 1281 651 potest:

233 716 350 800 quibus
366 714 523 798 exemplis
543 718 576 778 et
595 715 885 799 anapaesticum
904 713 1005 779 habes
1025 716 1059 776 et
1077 710 1281 776 choriambi«

147 810 149 814 ¹
204 813 206 817 ¹
233 823 367 885 tertium
392 843 410 884 a
433 822 496 885 fine
520 822 727 888 vocabulum:
752 842 889 905 quorum
912 823 1024 884 tamen
1046 820 1197 882 neutrum
1217 817 1281 899 freqi

235 926 416 1011 Spondiaca
439 930 548 990 autem
572 928 730 992 vocabula
753 927 816 992 etsi
840 927 880 991 ab
905 947 944 990 eo
968 924 1041 991 loco
1064 926 1149 989 ratio
1167 923 1280 1008 quidem

233 1034 339 1116 magis
373 1055 471 1116 quam
504 1034 679 1098 molossica
711 1034 763 1100 vel
796 1034 903 1098 ionica
935 1056 955 1099 a
982 1033 1110 1097 minore
1132 1029 1265 1116 (quando

235 1138 396 1202 riambum
421 1144 455 1202 et
476 1140 599 1203 ionicus
623 1145 657 1203 et
674 1141 835 1205 molossus
855 1135 989 1225 aequat)
1009 1137 1160 1221 excludit,
1181 1141 1279 1202 tamen

236 1244 372 1308 suetudo
405 1266 472 1309 non
502 1246 583 1309 item
615 1250 652 1310 ut
686 1247 720 1310 in
752 1247 956 1330 paenultimo
988 1246 1060 1310 loco
1093 1245 1227 1327 recepit:
1258 1265 1281 1327 qi

237 1350 365 1435 aegrius
393 1351 426 1413 in
454 1352 562 1435 longis
590 1352 723 1436 syllabis
752 1375 850 1438 quam
878 1354 912 1417 in
938 1353 1092 1430 brevibus
1120 1356 1268 1415 accentus

236 1447 337 1521 lentis
361 1456 417 1522 illo
440 1457 511 1521 loco
535 1454 722 1523 delitescere
745 1460 815 1523 visa
837 1464 897 1524 est.

325 1563 371 1628 at
397 1563 478 1629 haec
507 1564 636 1649 quidem
665 1566 821 1631 eiusmodi
850 1571 940 1650 sunt,
964 1569 1001 1631 ut
1024 1569 1130 1630 certae
1154 1586 1281 1629 normae

238 1670 361 1733 stantia
384 1669 739 1737 determinata'merito
762 1694 879 1739 nomen
902 1673 1071 1737 inveniant
1092 1671 1263 1756 legitimae

238 1776 312 1841 tiae.
358 1774 419 1841 Sed
447 1782 575 1860 praeter
601 1777 695 1863 haec,
727 1801 810 1864 quae
837 1779 910 1863 ipsa
932 1801 985 1844 ars
1008 1778 1182 1861 concessit,
1216 1777 1281 1841 fate

238 1887 288 1946 est
310 1884 483 1967 quaedam,
506 1907 703 1970 quamquam
728 1908 861 1951 numero
884 1907 1000 1970 pauca,
1023 1885 1074 1950 vel
1098 1885 1259 1948 excidisse

139 2019 224 2059 ccxii
238 1990 289 2052 vel
317 1989 491 2055 indulsisse
520 1990 582 2055 sibi
611 1996 740 2076 poetas,
773 2015 855 2077 quae
879 1993 946 2057 sint
968 1997 1059 2057 extra
1081 1992 1249 2056 rationem
1273 2014 1281 2074 Ι

238 2092 324 2158 Nam
356 2119 429 2161 cum
462 2099 495 2162 in
528 2099 707 2164 corruentem
740 2099 775 2163 hi
805 2123 886 2185 quos
914 2101 1025 2166 notavi
1053 2102 1208 2163 accentus
1241 2120 1281 2162 rer

237 2198 381 2265 habeant
403 2210 575 2287 propterea
598 2204 683 2289 quod
707 2205 831 2270 similes
855 2210 1033 2291 sequuntur
1055 2205 1088 2268 in
1111 2206 1272 2286 quantam

238 2312 347 2371 tamen
370 2310 564 2393 aliquotiens
589 2311 889 2377 choriambicum
907 2309 1106 2377 'vocabulum
1130 2311 1236 2375 etiam
1260 2335 1282 2396 p

237 2415 320 2480 hanc
348 2418 565 2483 condicionem
595 2421 629 2483 in
656 2420 796 2486 mediam
824 2420 943 2485 senarii
970 2418 1137 2503 dipodiam
1166 2419 1280 2483 intrav

237 2522 324 2588 Trin.
351 2525 421 2589 184.
447 2527 547 2606 [410]
582 2526 691 2612 Mill,
712 2531 739 2611 1,
761 2529 809 2592 18.
841 2527 958 2592 Bacch.
981 2528 1050 2590 1⁶21.
1073 2525 1134 2589 113
1161 2527 1256 2605 [151.

326 2666 398 2751 Ego
423 2668 611 2732 malacisso
635 2671 777 2751 confiteor
799 2669 1035 2753 Megaronides

329 2773 447 2852 [Quam
472 2774 502 2838 si
525 2777 669 2840 formicis
694 2781 728 2839 tu
752 2778 871 2840 obicias
893 2771 1149 2860 paptuerem.*)]

328 2878 428 2954 Quasi
452 2884 568 2947 uentus
592 2883 673 2947 folia
696 2888 753 2947 aut
769 2884 947 2965 pc'nirrrlam
970 2881 1152 2946 tectorium.

328 2986 509 3072 Magistron
532 3011 726 3073 quemquam
749 2991 932 3071 (1111111ιὶ111
957 2989 1147 3053 minitarier.

328 3093 443 3176 Sperat
467 3096 594 3179 quidem
619 3097 758 3159 animus:
783 3118 846 3179 quo
870 3098 991 3159 1111111111
1013 3096 1062 3158 (111
1087 3095 1121 3158 iri
1145 3104 1281 3161 manusl

239 3235 441 3320 Quamquam
467 3239 498 3302 id
523 3239 654 3303 minime
679 3244 728 3301 est
752 3238 865 3321 quovis
889 3242 984 3321 pacto
1009 3238 1144 3301 factum:
1181 3240 1277 3302 facile

238 3343 439 3428 intellegitur·
462 3347 638 3409 curandum
663 3346 762 3408 fuisse
787 3349 823 3408 111
844 3344 1019 3408 insolentia
1043 3367 1281 3410 numerorum(

238 3456 364 3514 raretur
387 3452 496 3534 potius
520 3473 615 3534 quam
639 3453 673 3515 in
697 3474 790 3517 aures
813 3451 1060 3535 impingeretur:
1085 3473 1186 3535 quare
1210 3452 1280 3515 cred

239 3562 349 3639 potest
381 3580 453 3621 cum
486 3559 577 3641 gravi
611 3559 870 3641 interpunctione
899 3556 1105 3621 choriambus
1135 3580 1154 3621 a
1184 3563 1278 3640 poeta

347 3804 372 3871 ²⁸)
392 3804 445 3872 lt'f.
467 3803 539 3858 infra
558 3824 584 3873 p.
605 3805 797 3875 ccxv(451).]

329 3891 369 3957 **)
390 3893 450 3945 Hoc
469 3893 582 3961 quidem
602 3912 684 3947 versu
703 3896 755 3948 etsi
775 3893 983 3948 concedendum
1004 3895 1083 3947 esta
1101 3895 1188 3962 poeta
1206 3910 1279 3962 poss

238 3986 288 4034 11111
306 3981 464 4049 profectum
483 3999 556 4048 esse,
585 3985 614 4035 et
632 4000 716 4052 supra
734 3982 822 4036 allato
841 3998 991 4035 concensus
1009 3987 1145 4049 quosaam
1159 3986 1257 4049 potest,

239 4072 354 4138 propter
376 4071 438 4139 ipsa
461 4071 573 4139 gemina
596 4070 725 4139 exempla
748 4070 914 4136 discipulam
937 4071 966 4123 et
985 4073 1079 4123 cetera
1098 4069 1281 4123 necessitatem

238 4158 403 4212 nonhabet.
423 4159 481 4213 Nec
496 4159 597 4212 Bacch.
608 4166 642 4212 18
654 4159 714 4229 [79]
730 4159 774 4212 vel
788 4159 938 4212 necessitas
958 4158 1003 4211 vel
1024 4158 1048 4212 si
1066 4158 1134 4225 quid
1153 4159 1232 4212 rideo
1248 4173 1281 4225 pr«

238 4247 305 4301 litas
324 4255 420 4303 ermrut
440 4250 545 4303 formae
565 4248 751 4303 demonstrari
765 4247 878 4316 poterit.
898 4247 990 4312 uuida
1010 4248 1085 4315 quod
1104 4247 1264 4317 quibusdam

238 4335 293 4404 plis
312 4340 480 4393 contrariam
500 4336 528 4389 in
547 4342 656 4405 partem
672 4338 768 4391 valens
782 4335 968 4405 probabilitas
983 4335 1133 4391 manifesta
1147 4340 1197 4402 est
1215 4338 1244 4388 ut
1256 4334 1279 4385 in

239 4427 389 4493 septenarii
410 4427 484 4480 Trin.
506 4434 556 4480 715
576 4429 648 4495 quod
666 4443 734 4496 opus
752 4428 860 4480 euerririt
879 4427 937 4479 tibi.
