2836 5034
162 309 227 374 366
450 325 717 375 eronusonunr
740 326 788 372 uu
812 323 1023 374 surroumvs

161 467 223 533 His
242 468 344 554 igitur
363 469 470 534 missis
494 471 532 534 ut
556 468 597 534 ad
616 489 814 555 aspergam,
833 467 869 534 in
888 467 1006 553 quibus
1025 465 1159 533 11111111
1174 474 1261 554 regnat,

162 575 225 642 etsi
248 576 429 657 ecfodiam
451 599 479 642 v.
503 576 569 642 453
593 599 632 642 ex
655 577 687 641 A
710 576 825 661 recepi,
848 597 915 642 non
937 579 1050 640 tamen
1072 573 1146 640 alibi
1166 575 1261 640 alibrir

162 683 369 768 suppeditata
394 683 526 768 effopere
552 684 668 766 esitare
695 682 880 749 sollicitavi.
929 682 1067 766 Inproba
1096 683 1263 748 iamoaeia

160 792 253 874 11111
275 792 488 874 inprudentem
517 791 655 874 inprobis
677 792 880 873 inportunam
903 789 1033 855 servavi
1056 811 1084 855 v.
1109 790 1156 855 10.
1175 788 1217 854 14.
1234 790 1265 854 tl.

162 898 213 961 61.
232 898 305 963 281.
326 897 400 983 399,
422 900 570 964 immanis
587 899 774 963 ammonia
791 897 902 980 impoti
918 895 1077 980 improbas
1100 895 1181 961 alibi
1210 896 1266 962 lten

161 1004 310 1070 amtorem
341 1005 530 1070 conlaudant
558 1007 670 1089 contipi
698 1006 832 1088 corripis
863 1004 1050 1088 carrepserit
1081 1026 1109 1068 v.
1134 1002 1198 1069 159.
1220 1003 1267 1069 291

163 1111 235 1176 135.
266 1112 339 1176 191.
374 1112 444 1178 118.
475 1112 554 1196 424,
586 1113 763 1178 commerita
730 1113 1005 1178 tconrmendarc
1037 1111 1181 1194 corripere
1206 1107 1267 1196 16111

142 1239 352 1302 oomrnrpere
385 1218 479 1283 alibi:
517 1240 678 1304 nusquam
708 1219 859 1284 tamen
849 1241 885 1283 1n
911 1218 1102 1283 Trinummo
1131 1218 1177 1283 vel
1200 1237 1268 1283 aas·

83 1350 146 1393 exv
160 1325 211 1389 vel
233 1327 304 1391 catt-
338 1330 502 1411 repertum
531 1326 671 1391 memini.
716 1326 894 1409 Adpraiiar
920 1326 1075 1391 adcurare
1101 1325 1219 1390 adsideri¹
1236 1324 1270 1389 d·

154 1433 259 1515 parre
283 1435 426 1517 adposita
452 1433 570 1514 adferet
595 1433 693 1516 adripi
718 1433 862 1516 adipata
888 1433 1021 1498 adtioew
1040 1430 1127 1497 libri
1152 1453 1223 1516 prae
1222 1426 1288 1507 boel

161 1545 238 1605 runt
265 1563 292 1604 v.
316 1541 367 1606 45.
398 1542 449 1608 18.
477 1541 552 1606 202.
580 1541 654 1606 313.
682 1541 756 1606 410.
787 1540 860 1605 188.
891 1540 985 1604 1040.
1016 1537 1112 1603 1142.
1139 1518 1288 1620 383,cor·i

160 1648 262 1712 traria
291 1669 400 1732 saepe,
429 1648 530 1713 etiam
562 1653 647 1713 aas
675 1648 827 1730 aspiciam
856 1648 1024 1712 artemii
1053 1644 1106 1710 85.
1133 1643 1203 1711 589.
1225 1640 1274 1719 tlt.

160 1776 337 1839 numquam
366 1757 475 1818 tamen
503 1754 568 1819 nisi
592 1753 687 1820 fallor
709 1753 762 1819 vel
784 1752 895 1836 affinis
917 1751 970 1817 vel
997 1752 1149 1818 adaesare
1173 1751 1278 1833 caepa

160 1862 301 1926 adcedere
328 1863 560 1927 adcommodare
586 1863 748 1944 adparere:
779 1881 976 1945 quamquam
999 1859 1038 1924 de
1063 1857 1275 1943 singulisque

160 1989 226 2032 non
258 1969 401 2052 spondeo
433 1968 594 2033 fidentius.
641 1966 814 2053 Reliquum
847 1970 898 2033 est
929 1971 966 2031 ut
997 1964 1187 2050 saepissime
1210 1958 1274 2028 nr

159 2075 366 2157 potissimum
385 2079 514 2141 servata
538 2097 607 2140 esse
630 2096 673 2157 ap
695 2080 728 2139 et
750 2095 788 2158 op
811 2072 964 2138 adnotem
988 2078 1064 2137 aute
1085 2092 1103 2138 s
1127 2075 1160 2137 et
1183 2075 1195 2134 t
1225 2071 1231 2082 '

159 2201 227 2245 ras:
260 2182 370 2266 qualia
400 2204 466 2247 uon
497 2187 568 2247 erat
599 2182 654 2267 qui
681 2179 802 2245 maiore
830 2180 898 2244 iure
927 2200 1026 2264 quam
1054 2177 1114 2243 illa
1143 2177 1183 2242 ad
1245 2174 1251 2186 '

159 2308 291 2352 normae
315 2289 533 2355 constantiam
556 2286 787 2372 revocarem.*)
825 2285 900 2351 Non
919 2285 1013 2370 potui
1036 2285 1141 2370 igitur
1163 2284 1220 2349 etsi

158 2393 222 2459 lem
253 2395 356 2460 oculis
386 2417 532 2480 parcere,
565 2395 681 2481 quibus
714 2416 779 2460 nou
810 2392 963 2459 mediocri
994 2391 1169 2458 offensioni
1196 2391 1226 2455 fu

161 2503 307 2586 suspicor
335 2502 432 2567 modo
464 2503 586 2584 obsequi
609 2502 764 2586 scriptum
789 2499 884 2591 modo
913 2500 1037 2582 opseqrd
1064 2498 1187 2582 v.230,
1211 2519 1237 2560 1

158 2609 306 2674 obstitere
336 2608 431 2674 modo
465 2612 617 2691 apstinere
647 2610 721 2686 289,
752 2608 937 2693 pariterque
967 2612 1092 2689 apsente
1130 2607 1200 2671 161.
1227 2598 1271 2679 611,

159 2736 336 2797 apsarrasse
363 2717 437 2799 661,
466 2718 643 2799 opsiprratas
673 2715 736 2780 188
750 2738 820 2799 sqq.
866 2713 1076 2798 Consequens
1107 2711 1171 2777 fnit
1199 2715 1229 2776 ut

158 2844 215 2906 aps
242 2823 370 2907 quidem
398 2823 673 2907 praepositionem
697 2823 940 2887 extimescerem
963 2843 992 2884 v.
1015 2819 1090 2884 219.
1116 2821 1191 2902 421,
1215 2810 1276 2882 alt·

160 2928 221 2995 Sed
250 2932 504 3016 compositorum
534 2930 614 2994 haec
642 2929 760 2994 finibus
789 2928 929 3012 coercui,
957 2949 1023 2993 non
1050 2914 1271 3012 progressuri

158 3057 199 3117 ap
221 3058 260 3116 sc,
283 3060 325 3120 ap
347 3040 449 3120 stirpe,
473 3059 669 3121 quamquam
694 3036 773 3101 talia
796 3057 922 3121 quoque
946 3021 1139 3119 saepissime
1158 3035 1189 3099 iu
1209 3026 1280 3097 libr't'

160 3144 374 3226 reperiuntur,
398 3167 509 3208 verum
529 3149 637 3209 tamen
656 3165 834 3226 numquam
852 3143 915 3206 nisi
934 3142 967 3206 in
987 3163 1089 3206 unum
1110 3142 1194 3205 binis
1213 3157 1274 3203 voa

159 3249 245 3312 bulis
260 3253 434 3317 contractis
448 3273 521 3335 apse
532 3252 583 3335 19,
601 3253 736 3334 apstiqrc
750 3248 877 3336 211.**)
902 3248 964 3314 Sed
981 3250 1062 3314 satis
1078 3250 1119 3314 de
1133 3251 1184 3315 his
1198 3245 1274 3333 ungit

643 3519 752 3601 clrvu
776 3536 814 3600 X.

162 3728 175 3759 ,
248 3677 319 3754 Qua
343 3683 450 3743 autem
470 3679 630 3743 brevitate
649 3675 687 3741 de
710 3677 790 3741 locis
815 3679 1085 3762 grammaticis
1110 3680 1144 3744 iu
1170 3677 1284 3764 superio

158 3784 248 3847 ribus
272 3786 433 3868 capitibus
454 3785 530 3868 dixi,
552 3788 640 3848 utet
659 3784 764 3868 ipsam
784 3805 852 3848 rem
873 3785 977 3869 qualis
996 3790 1085 3851 esset
1104 3803 1288 3871 exponerem,

158 3912 223 3953 non
254 3895 398 3956 moratus
428 3892 461 3956 in
491 3892 630 3956 aliorum
660 3891 937 3976 disputationibus
969 3891 1020 3956 vel
1051 3893 1228 3958 laudandis
1257 3886 1288 3954 vd

157 3996 348 4083 refutandis,
372 4003 405 4063 et
428 3999 629 4083 quorundam
654 3998 890 4082 diligentiorem
914 3998 1190 4081 disceptationem
1212 3997 1288 4064 inlu

158 4109 267 4170 turum
296 4111 423 4190 ternpus
452 4107 624 4171 differrem:
655 4104 767 4168 eadem
795 4127 880 4170 nuno
908 4105 1067 4171 brevitate
1100 4111 1203 4193 atque
1233 4106 1288 4174 ede

67 4237 143 4278 oxvr
159 4213 279 4277 maiore
307 4214 341 4276 in
370 4215 547 4279 metricis
576 4216 649 4276 utar
677 4216 723 4295 et,
753 4212 835 4296 quod
865 4213 996 4297 gravius
1022 4216 1086 4298 est,
1116 4214 1151 4279 in
1181 4237 1288 4301 proso

242 4331 452 4441 'iio'ffpaa
473 4371 563 4426 suen
581 4388 607 4439 p.
628 4369 712 4438 xvi]

228 4458 268 4527 **)
289 4459 348 4530 [Sic
358 4460 449 4516 Trin.²
468 4460 506 4515 cf.
518 4461 620 4530 Opusc.
630 4458 698 4528 phil.
709 4459 744 4512 lv
755 4477 781 4527 p.
792 4464 873 4526 39sq.
893 4458 1046 4515 111111.
1058 4477 1154 4519 euerr.
1163 4482 1192 4534 p.
1205 4471 1288 4532 1101]
