2886 5032
27 309 33 320 ’
74 385 80 390 ¹
159 298 225 361 470
448 311 709 361 raonuaonenn
732 310 779 356 nn
802 307 1015 357 narrouravs

161 458 336 541 septenarii
359 456 513 521 habuere:
536 455 569 519 id
592 454 677 538 quod
702 452 826 517 duobus
846 450 1028 516 Trinummi
1054 450 1216 534 exemplis
1241 472 1316 533 pro-

161 566 258 629 batur
281 588 310 628 v.
334 565 408 627 370.
435 564 531 627 1039:

250 707 299 770 Τιί
324 706 418 771 modo
441 726 480 768 ne
505 726 555 768 me
572 702 737 786 protribais
760 700 914 786 accipere,
937 702 966 766 si
989 701 1066 785 quid
1090 701 1150 766 det
1173 700 1273 765 mihi:

251 795 319 895 itae
343 830 458 894 misere
483 829 580 894 etiam
606 829 644 891 ad
665 828 814 909 parietem
837 831 914 892 sunt
935 825 1022 911 fixae
1045 824 1154 890 clauis
1179 826 1311 890 ie'rreis.

162 975 239 1038 Plus
269 996 346 1037 sane
375 972 542 1036 molestiae
567 971 677 1035 eodem
706 971 740 1033 in
764 970 834 1034 loeo
864 968 1041 1034 admissum
1070 967 1319 1033 choriambi·

162 1104 243 1146 oum
272 1078 464 1144 vocabulum
494 1082 593 1161 creat,
626 1077 681 1140 sed
709 1076 794 1141 idem
822 1082 934 1141 tamen
962 1076 1070 1140 minus
1099 1075 1318 1141 insuavitatis

74 1204 77 1210 “
162 1188 284 1252 hebens
313 1209 409 1270 quam
438 1184 608 1268 oxytonesi
638 1189 769 1266 recepta
798 1182 1061 1267 pentasyllabum
1091 1182 1195 1247 huius
1230 1205 1317 1247 men-

162 1318 257 1360 surae
280 1302 359 1343 -ὐύ
373 1317 391 1341 υ
405 1310 437 1354 -’;
471 1291 553 1355 unde
578 1290 713 1355 iudicari
737 1290 858 1373 poterit
880 1295 990 1356 utrum
1014 1290 1184 1356 scribendi
1211 1314 1315 1356 erem·

161 1404 252 1485 plum
276 1424 305 1464 v.
332 1400 415 1464 1023
440 1402 595 1483 praestet:

253 1544 396 1621 Quorum
422 1562 503 1605 unus
526 1542 713 1623 surrepserit
735 1541 876 1605 currenti
901 1540 1027 1606 cursori
1048 1541 1174 1625 solum,

164 1686 334 1752 accedente
358 1683 524 1768 spondiooi
548 1682 656 1769 (aare)
681 1682 799 1746 duritie
822 1683 1045 1767 asperrimum,
1070 1704 1112 1748 an

253 1828 397 1904 Quorum
421 1825 530 1890 hercle
554 1848 636 1890 unus
658 1826 815 1908 summere't
838 1826 980 1890 eurre'nti
1003 1825 1134 1891 cursori
1158 1828 1280 1894 solum.

164 1969 395 2054 Spondiaeis
419 1972 528 2032 autem
553 1968 750 2033 insecundo
775 1968 855 2051 pede
880 1968 1013 2034 vocibus
1036 1990 1105 2033 non
1131 1971 1246 2056 magis
1269 1974 1316 2037 eet

165 2079 254 2142 loeus
271 2085 443 2141 'concessus
462 2098 558 2160 qnam
577 2075 612 2140 in
631 2076 775 2140 senariis.
802 2076 878 2141 Non
897 2080 1080 2160 repugnant
1099 2100 1129 2142 v.
1146 2079 1226 2143 619.
1241 2078 1315 2145 6822·

253 2194 416 2284 Vlcisoare
441 2222 473 2282 et
497 2216 582 2282 mihi
605 2221 640 2282 ut
663 2217 810 2300 erpere.
871 2269 877 2281 .
937 2269 943 2281 .
1003 2270 1009 2281 .
1071 2270 1077 2281 .
1142 2273 1148 2284 .
1214 2275 1221 2285 .

254 2326 306 2390 Me
330 2327 384 2410 qui
408 2327 528 2389 abusus
552 2329 623 2388 sum
647 2325 768 2389 tautum
790 2347 856 2388 rem
873 2376 1221 2392 ......

165 2476 201 2534 ut
220 2469 254 2532 in
273 2467 390 2552 quibus
410 2472 443 2531 et
460 2466 597 2551 eruite&
616 2470 650 2531 et
672 2466 912 2552 ausuram&
932 2467 964 2531 vi
988 2468 1121 2533 enelisis
1148 2470 1183 2534 in
1208 2471 1301 2555 trisyl

166 2577 241 2640 laba
264 2576 456 2640 coalescant.
479 2574 588 2639 Vnum
607 2576 707 2640 neseio
725 2575 931 2661 designatum
950 2579 1000 2640 est
1018 2599 1049 2661 p.
1060 2593 1198 2642 ccxxiv
1214 2579 1292 2660 [459

166 2682 252 2767 quod
281 2703 358 2745 sane
387 2681 553 2764 singulare
582 2684 633 2745 est
656 2683 797 2765 partium
821 2705 886 2747 non
909 2683 1170 2766 compositorum
1195 2708 1236 2752 ne
1289 2686 1310 2761 ’,

6 2809 171 2850 ucxxxvm
179 2792 347 2855 accentum
367 2789 464 2853 etiem
483 2793 559 2872 post
577 2788 698 2853 factam
718 2789 985 2873 compositionem
1006 2813 1166 2856 servasse.
1199 2793 1282 2858 Paro

166 2902 273 2963 autem
301 2895 517 2959 exeusationis
546 2899 695 2978 paratum
719 2918 788 2961 esee
812 2898 920 2961 versui
944 2898 1008 2961 679
1033 2899 1142 2962 sentio
1149 2950 1158 2982 ,
1189 2901 1282 2985 quale

167 3029 185 3067 a
209 3004 242 3067 B
265 3003 428 3085 proditum
452 3026 523 3067 eum
549 3002 737 3067 Hermanno
762 3005 900 3067 servavi:

256 3145 362 3210 Feteile
383 3147 562 3209 inuentust:
582 3145 676 3209 datur
695 3147 786 3228 ipsis,
806 3147 978 3211 tamenetsi
998 3147 1038 3211 ab
1059 3147 1197 3214 inimico
1218 3154 1311 3233 petas

169 3291 272 3365 Quare
307 3288 394 3352 haud
428 3287 494 3352 seio
525 3311 567 3350 an
598 3288 776 3352 consultius
807 3290 850 3352 sit
879 3313 899 3351 a
929 3289 1127 3374 reliquorum
1162 3294 1310 3359 librorum

169 3396 324 3460 memoria
338 3396 446 3459 Facile
464 3401 507 3460 cst
527 3396 655 3458 iuuenta
678 3396 838 3478 proficisci
864 3396 904 3459 ad
928 3396 1011 3460 hane
1035 3399 1183 3481 speciem
1208 3418 1310 3464 versut

169 3501 469 3565 commendandam:

221 3642 435 3727 Feieilest***)
450 3645 598 3708 inuentu:
619 3644 713 3709 datur
729 3642 825 3729 ignis:
846 3645 977 3709 tametsi
996 3646 1037 3709 ab
1056 3646 1196 3713 inimico
1216 3658 1310 3735 petes:

171 3784 297 3868 quando
327 3807 385 3849 nee
414 3787 574 3850 molossus
598 3788 652 3850 ille
676 3789 804 3851 aureus
829 3788 971 3852 insolens
995 3793 1130 3854 estnec
1156 3792 1311 3877 bisyllabe

171 3881 290 3954 tuersets'i
313 3889 494 3975 (tamquam
520 3897 582 3954 tour
605 3894 661 3957 etsi
685 3893 746 3972 [sie
769 3891 898 3977 Trin.²l)
928 3895 1051 3957 formae
1076 3899 1311 3978 pronuntiatio:

277 4159 301 4225 ⁴²)
322 4158 371 4226 [cf.
392 4158 462 4211 Nov.
482 4175 539 4212 exo.
561 4158 651 4212 Plaut.
672 4159 683 4211 Ι
702 4178 728 4228 p.
749 4166 783 4213 36
794 4160 845 4226 sq.]

260 4246 301 4313 **)
322 4245 394 4316 [Hoc
408 4263 437 4299 se
452 4245 496 4299 vix
512 4251 586 4302 reete
606 4265 751 4302 excusasse
770 4251 869 4317 postea
887 4247 995 4302 censuit
1008 4246 1184 4303 Ritschelins
1207 4252 1259 4305 Me'
1274 4248 1316 4321 qui

171 4340 277 4388 nouum
296 4336 398 4387 aeones
416 4351 473 4387 sum
496 4352 548 4387 reru
567 4338 751 4405 transponens
770 4337 797 4389 in
818 4335 860 4390 ed.
881 4335 942 4406 alt]

243 4422 301 4488 ***)
321 4420 417 4492 [Facu
435 4428 473 4475 est
491 4423 588 4492 Trio),
608 4424 641 4478 ef.
663 4425 762 4492 Opuse.
783 4425 852 4493 phil.
872 4425 898 4477 11
916 4443 943 4495 p.
963 4431 1024 4479 331.
1045 4427 1119 4497 452]
