2836 5034
163 285 230 349 464
453 300 715 348 rnonucousus
739 301 787 347 nn
810 301 1024 350 anxioumvs

166 468 220 509 sus
245 444 434 529 ambiguum
459 450 509 509 est
531 444 600 508 mr
622 443 665 527 11,
688 446 717 524 a,
745 446 784 508 14
807 445 849 510 aa
878 445 973 510 innuo
1002 467 1110 510 versus
1132 421 1258 530 duaa

166 558 241 617 ante
264 551 417 616 homiaem
440 551 662 615 choriambum
686 573 728 616 an
751 560 907 635 paeonem
931 551 1060 618 efficiat
1104 550 1170 616 Vna
1186 559 1259 619 tanen

166 660 237 724 sola
269 660 394 724 ratione
426 659 535 724 nescio
569 681 610 722 an
643 658 712 722 sine
745 659 950 724 incommodo
982 658 1080 743 longa
1111 660 1260 741 paenultima

165 766 331 847 toleretur,
354 767 443 830 velut
466 765 569 830 Stichi
594 763 634 848 V,
656 766 687 848 4,
714 766 768 830 19:

256 906 318 971 se‘d
341 907 443 971 amad
466 928 539 970 mea
562 911 595 970 et
617 910 674 970 tria
696 906 773 971 dum
796 908 897 971 comit
972 959 979 971 .
1038 958 1045 971 .
1105 959 1111 970 .
1165 959 1172 971 .
1218 933 1238 971 .:

167 1054 203 1114 ut
234 1051 289 1133 qui
316 1050 492 1114 ‘verborum
524 1048 652 1114 ordines
682 1050 722 1113 sd
750 1049 981 1133 paeonicorum
1013 1049 1264 1133 proceleusmatico

167 1179 303 1241 rumque
340 1156 587 1221 similitudinem
627 1131 772 1241 (dbicere'
800 1177 906 1238 neptae,
942 1155 1090 1238 Propitid
1117 1155 1204 1239 foret)
1225 1160 1265 1220 tan

167 1285 268 1348 prope
298 1262 461 1347 accedant,
497 1266 534 1327 ut
567 1264 620 1327 vix
654 1264 825 1347 quicquam
859 1263 1029 1329 molestiae
1062 1285 1080 1326 e
1111 1262 1268 1327 delitescant

167 1371 268 1455 longa
298 1370 425 1453 syllaba
455 1371 624 1433 sentiatur.
657 1406 695 1416 -
727 1368 882 1455 Superest
912 1376 961 1454 ut,
987 1371 1072 1455 ‚quid
1100 1369 1210 1434 horam
1230 1391 1270 1434 on

167 1478 265 1559 nium,
290 1499 373 1560 quae
396 1476 437 1540 de
459 1477 632 1541 trochaicis
656 1478 878 1562 exposuimus,
900 1478 1033 1544 iambici
1058 1475 1203 1542 senarii

167 1584 284 1668 perint,
307 1583 513 1647 definiamus:
542 1584 627 1667 quod
655 1606 720 1649 nou
750 1584 814 1648 luit
842 1584 990 1648 multum.
1035 1583 1124 1660 Quos
1147 1582 1248 1647 ubist

169 1690 351 1755 trochaicus
376 1712 470 1754 voces
493 1690 603 1755 dixero
626 1691 660 1755 in
685 1691 755 1756 solo
778 1691 885 1775 primo
904 1691 985 1775 pede
1005 1690 1187 1773 admisisse,
1226 1689 1232 1700 '
1265 1774 1268 1779 Ι

169 1820 269 1882 prope
292 1799 414 1861 omnia:
446 1820 483 1861 ac
512 1819 552 1860 ne
578 1796 665 1861 binis
690 1796 820 1880 quidem
844 1795 1014 1880 pastillas
1039 1796 1196 1862 brevibus
1217 1818 1247 1880 sy

169 1905 220 1968 bis
244 1928 325 1988 opus
348 1903 420 1985 fuit,
443 1903 499 1966 sed
522 1903 602 1967 satis
625 1924 696 1966 esse
720 1925 784 1966 una
807 1903 878 1965 visa
902 1906 960 1968 est.
998 1901 1101 1968 Velut
1125 1901 1255 1987 Captl,

173 2011 221 2074 19.
246 2010 361 2074 Bacch.
387 2009 450 2074 769
476 2008 579 2093 [808].
602 2009 690 2073 Trin.
715 2009 794 2074 568:

259 2154 359 2218 Natld
383 2153 561 2216 iuuentutis
585 2154 659 2236 spes
684 2155 746 2216 est:
771 2173 842 2217 sese
866 2155 977 2216 omnes
1001 2158 1134 2217 amant:

259 2260 376 2324 lllrrlla's
398 2259 495 2324 homo
519 2258 606 2340 dicit,
628 2258 689 2322 hae'
711 2257 850 2323 tabellae
873 2263 905 2323 te
929 2260 1087 2344 arguunt:

259 2365 293 2430 si
316 2368 392 2429 urrte'
409 2366 578 2449 uoluisses,
601 2368 701 2431 esses:
725 2387 810 2431 nunc
833 2369 904 2430 serd
928 2367 1031 2451 cupis,

171 2510 226 2572 ubi
251 2531 314 2573 non
339 2513 408 2571 erat
432 2508 673 2572 sollicitandum
696 2508 813 2593 calef)
845 2508 874 2571 A
895 2509 1047 2592 qualibus
1067 2510 1267 2593 profectnsn

171 2621 241 2679 erat
264 2639 320 2678 cur
344 2616 464 2679 similia
487 2617 582 2679 initia
605 2640 633 2679 v.
658 2617 730 2679 218.
755 2616 820 2680 598
844 2615 1045 2699 defugerem:

267 2759 354 2822 Vade'
378 2759 431 2839 [of.
460 2782 559 2842 supra
587 2782 616 2842 p.
644 2759 723 2838 377]
755 2759 832 2842 quid
861 2758 1007 2822 auditum
1037 2758 1168 2841 dicant,
1199 2754 1276 2824 nisi‘

591 2867 596 2875 “
969 2867 1139 2948 appareat.

260 2972 329 3035 Ibit
350 2974 412 3036 iste
437 2973 567 3058 hinc**)
592 2973 701 3055 aliquo
725 2974 757 3035 in
782 2974 967 3035 maxumam
991 2973 1115 3037 malam
1141 2997 1265 3039 crucem

43 3148 156 3189 cmm
173 3114 240 3178 Nec
264 3117 433 3181 offensioni
457 3119 528 3178 erat
551 3138 578 3178 v.
602 3116 680 3177 432:

262 3259 393 3341 Technis
417 3257 596 3321 adeundist.
628 3257 730 3321 Estne
754 3257 806 3321 hie
829 3257 938 3321 Philto
963 3258 1019 3340 qui
1043 3258 1206 3322 aduenit?

172 3405 233 3466 nisi
258 3404 303 3466 ibi
328 3402 416 3466 aliud
441 3402 598 3465 suasisset
622 3401 830 3464 Ambrosiam
854 3401 1040 3464 auctoritas.
1081 3399 1148 3464 Sed
1167 3425 1230 3466 non

171 3515 238 3573 tum
265 3511 408 3574 insuavis
433 3514 503 3572 erat
526 3531 553 3571 v.
577 3507 643 3570 440
667 3508 840 3571 insolentis
865 3512 1015 3572 accentus
1039 3508 1191 3574 iteratio:

260 3653 330 3733 Epo'
352 3674 480 3736 quoque
504 3652 568 3715 esse'
588 3651 661 3714 uolo
685 3648 779 3732 liber,
804 3649 1000 3733 nequiquam
1026 3650 1114 3733 uolo,

172 3816 281 3856 verum
299 3795 392 3857 simul
414 3798 446 3858 et
466 3795 498 3857 iu
519 3794 657 3857 secundo
677 3793 757 3877 pede
777 3793 841 3857 esse'
856 3798 1041 3876 suspectum
1062 3799 1105 3875 et,
1125 3800 1165 3858 ut
1184 3818 1213 3879 p.
1232 3812 1249 3858 c

172 3901 265 3982 [413]
281 3902 384 3983 docui,
407 3902 512 3984 ipsum
532 3902 585 3981 cqe‘
603 3901 781 3964 abhorrens
801 3897 1077 3963 aconsuetudine.
1118 3900 1265 3986 Quamqu

172 4007 210 4069 de
222 4008 360 4072 secundo
378 4008 506 4091 quidem
523 4008 601 4091 pede
616 4030 681 4071 nou
698 4012 748 4071 est
757 4005 954 4070 obstinatius
965 4008 1170 4090 negandum:
1186 4033 1241 4093 per
1286 4004 1292 4018 ⁰

261 4255 285 4323 *)
305 4256 358 4324 [Cf.
379 4256 480 4324 Opusc.
500 4253 568 4322 phil.
589 4255 613 4306 ll
634 4272 659 4321 p.
681 4260 732 4306 1346
743 4271 784 4320 sq.
803 4252 867 4306 coll.
887 4254 1001 4323 2⁵10sq.]

243 4343 283 4410 **)
304 4344 376 4413 [Ibit
402 4346 495 4396 statim
520 4343 547 4395 in
574 4343 616 4395 ed.
643 4342 692 4395 alt.
719 4359 782 4395 cum
807 4341 899 4395 Brixio
927 4341 998 4395 ‘nisi
1022 4344 1095 4411 quid
1123 4349 1222 4400 tamen
1247 4340 1307 4397 aliud

170 4433 298 4502 subest.’]
