<?xml version="1.0" encoding="UTF-8"?>
<!DOCTYPE html PUBLIC "-//W3C//DTD XHTML 1.0 Transitional//EN"
    "http://www.w3.org/TR/xhtml1/DTD/xhtml1-transitional.dtd">
<html xmlns="http://www.w3.org/1999/xhtml" xml:lang="en" lang="en">
 <head>
  <title>
</title>
<meta http-equiv="Content-Type" content="text/html;charset=utf-8" />
  <meta name='ocr-system' content='tesseract 3.04.00' />
  <meta name='ocr-capabilities' content='ocr_page ocr_carea ocr_par ocr_line ocrx_word'/>
</head>
<body>
  <div class='ocr_page' id='page_1' title='image "./fridericiritsch00ritsgoog_0316.png"; bbox 0 0 2886 5032; ppageno 0'>
   <div class='ocr_carea' id='block_1_1' title="bbox 132 332 992 398">
    <p class='ocr_par' dir='ltr' id='par_1_1' title="bbox 132 332 992 398">
     <span class='ocr_line' id='line_1_1' title="bbox 132 332 992 398; baseline -0.007 0"><span class='ocrx_word' id='word_1_1' title='bbox 132 332 199 398; x_wconf 81' lang='lat'>294</span> <span class='ocrx_word' id='word_1_2' title='bbox 421 344 685 394; x_wconf 77' lang='lat' dir='ltr'>snonnaonanu</span> <span class='ocrx_word' id='word_1_3' title='bbox 707 344 755 392; x_wconf 83' lang='lat' dir='ltr'>nu</span> <span class='ocrx_word' id='word_1_4' title='bbox 779 342 992 393; x_wconf 76' lang='lat' dir='ltr'>asmoursvs</span> 
     </span>
    </p>
   </div>
   <div class='ocr_carea' id='block_1_2' title="bbox 53 487 1328 3881">
    <p class='ocr_par' dir='ltr' id='par_1_2' title="bbox 53 487 1328 3881">
     <span class='ocr_line' id='line_1_2' title="bbox 131 487 1284 578; baseline -0.004 -21"><span class='ocrx_word' id='word_1_5' title='bbox 131 492 286 578; x_wconf 88' lang='lat' dir='ltr'>potuisse.</span> <span class='ocrx_word' id='word_1_6' title='bbox 314 489 438 556; x_wconf 80' lang='lat' dir='ltr'>Contra</span> <span class='ocrx_word' id='word_1_7' title='bbox 461 489 632 575; x_wconf 73' lang='lat' dir='ltr'>diligenter</span> <span class='ocrx_word' id='word_1_8' title='bbox 656 487 893 573; x_wconf 79' lang='lat' dir='ltr'><strong>annotavimus,</strong></span> <span class='ocrx_word' id='word_1_9' title='bbox 916 489 945 553; x_wconf 95' lang='lat' dir='ltr'>si</span> <span class='ocrx_word' id='word_1_10' title='bbox 967 509 1051 573; x_wconf 88' lang='lat' dir='ltr'>quae</span> <span class='ocrx_word' id='word_1_11' title='bbox 1075 487 1109 552; x_wconf 91' lang='lat' dir='ltr'>in</span> <span class='ocrx_word' id='word_1_12' title='bbox 1128 509 1284 553; x_wconf 81' lang='lat' dir='ltr'>versuum</span> 
     </span>
     <span class='ocr_line' id='line_1_3' title="bbox 134 594 1285 681; baseline -0.002 -19"><span class='ocrx_word' id='word_1_13' title='bbox 134 598 339 663; x_wconf 88' lang='lat' dir='ltr'>distinctione</span> <span class='ocrx_word' id='word_1_14' title='bbox 359 596 458 661; x_wconf 85' lang='lat' dir='ltr'>codex</span> <span class='ocrx_word' id='word_1_15' title='bbox 477 596 658 681; x_wconf 81' lang='lat' dir='ltr'>singularia</span> <span class='ocrx_word' id='word_1_16' title='bbox 676 597 825 661; x_wconf 85' lang='lat' dir='ltr'>haberet:</span> <span class='ocrx_word' id='word_1_17' title='bbox 849 617 931 680; x_wconf 89' lang='lat' dir='ltr'>quos</span> <span class='ocrx_word' id='word_1_18' title='bbox 953 594 1011 660; x_wconf 92' lang='lat' dir='ltr'>ille</span> <span class='ocrx_word' id='word_1_19' title='bbox 1028 594 1233 681; x_wconf 89' lang='lat' dir='ltr'>plerumque,</span> <span class='ocrx_word' id='word_1_20' title='bbox 1257 595 1285 660; x_wconf 89' lang='lat' dir='ltr'>si</span> 
     </span>
     <span class='ocr_line' id='line_1_4' title="bbox 134 702 1286 789; baseline -0.002 -19"><span class='ocrx_word' id='word_1_21' title='bbox 134 730 153 770; x_wconf 93' lang='lat' dir='ltr'>a</span> <span class='ocrx_word' id='word_1_22' title='bbox 176 704 311 769; x_wconf 86' lang='lat' dir='ltr'>canticis</span> <span class='ocrx_word' id='word_1_23' title='bbox 334 702 520 787; x_wconf 81' lang='lat' dir='ltr'>recesseris,</span> <span class='ocrx_word' id='word_1_24' title='bbox 548 707 633 767; x_wconf 88' lang='lat' dir='ltr'>recte</span> <span class='ocrx_word' id='word_1_25' title='bbox 658 703 830 786; x_wconf 88' lang='lat' dir='ltr'>discriptos</span> <span class='ocrx_word' id='word_1_26' title='bbox 855 702 1012 789; x_wconf 86' lang='lat' dir='ltr'>serravit,</span> <span class='ocrx_word' id='word_1_27' title='bbox 1040 707 1074 768; x_wconf 87' lang='lat' dir='ltr'>et</span> <span class='ocrx_word' id='word_1_28' title='bbox 1096 706 1150 787; x_wconf 87' lang='lat' dir='ltr'>ut,</span> <span class='ocrx_word' id='word_1_29' title='bbox 1179 702 1286 768; x_wconf 86' lang='lat' dir='ltr'>sicubi</span> 
     </span>
     <span class='ocr_line' id='line_1_5' title="bbox 132 809 1286 893; baseline -0.001 -17"><span class='ocrx_word' id='word_1_30' title='bbox 132 811 201 876; x_wconf 93' lang='lat' dir='ltr'>bini</span> <span class='ocrx_word' id='word_1_31' title='bbox 233 812 266 875; x_wconf 92' lang='lat' dir='ltr'>in</span> <span class='ocrx_word' id='word_1_32' title='bbox 300 832 399 875; x_wconf 92' lang='lat' dir='ltr'>unum</span> <span class='ocrx_word' id='word_1_33' title='bbox 433 811 593 875; x_wconf 87' lang='lat' dir='ltr'>contracti</span> <span class='ocrx_word' id='word_1_34' title='bbox 627 814 715 893; x_wconf 87' lang='lat' dir='ltr'>sunt,</span> <span class='ocrx_word' id='word_1_35' title='bbox 748 831 843 893; x_wconf 83' lang='lat' dir='ltr'>saepe</span> <span class='ocrx_word' id='word_1_36' title='bbox 875 810 1006 893; x_wconf 87' lang='lat' dir='ltr'>pristini</span> <span class='ocrx_word' id='word_1_37' title='bbox 1034 809 1159 876; x_wconf 88' lang='lat' dir='ltr'>ordinis</span> <span class='ocrx_word' id='word_1_38' title='bbox 1187 809 1286 875; x_wconf 85' lang='lat' dir='ltr'>index</span> 
     </span>
     <span class='ocr_line' id='line_1_6' title="bbox 133 916 1286 1004; baseline -0.001 -20"><span class='ocrx_word' id='word_1_39' title='bbox 133 918 362 1004; x_wconf 84' lang='lat' dir='ltr'>grandiuscula</span> <span class='ocrx_word' id='word_1_40' title='bbox 390 916 502 982; x_wconf 82' lang='lat' dir='ltr'>littera</span> <span class='ocrx_word' id='word_1_41' title='bbox 530 917 565 981; x_wconf 91' lang='lat' dir='ltr'>in</span> <span class='ocrx_word' id='word_1_42' title='bbox 588 916 695 982; x_wconf 90' lang='lat' dir='ltr'>medio</span> <span class='ocrx_word' id='word_1_43' title='bbox 720 938 814 980; x_wconf 84' lang='lat' dir='ltr'>versu</span> <span class='ocrx_word' id='word_1_44' title='bbox 837 917 950 981; x_wconf 84' lang='lat' dir='ltr'>relicta</span> <span class='ocrx_word' id='word_1_45' title='bbox 973 917 1029 982; x_wconf 86' lang='lat' dir='ltr'>sit:</span> <span class='ocrx_word' id='word_1_46' title='bbox 1062 918 1102 982; x_wconf 91' lang='lat' dir='ltr'>de</span> <span class='ocrx_word' id='word_1_47' title='bbox 1127 939 1192 1004; x_wconf 90' lang='lat' dir='ltr'>quo</span> <span class='ocrx_word' id='word_1_48' title='bbox 1217 918 1286 983; x_wconf 86' lang='lat' dir='ltr'>dixi</span> 
     </span>
     <span class='ocr_line' id='line_1_7' title="bbox 132 1023 1287 1111; baseline 0 -20"><span class='ocrx_word' id='word_1_49' title='bbox 132 1026 299 1110; x_wconf 88' lang='lat' dir='ltr'>Parergon</span> <span class='ocrx_word' id='word_1_50' title='bbox 312 1047 343 1108; x_wconf 89' lang='lat' dir='ltr'>p.</span> <span class='ocrx_word' id='word_1_51' title='bbox 356 1024 432 1089; x_wconf 88' lang='grc'><strong>439.</strong></span> <span class='ocrx_word' id='word_1_52' title='bbox 454 1023 671 1088; x_wconf 81' lang='lat' dir='ltr'>Personarum</span> <span class='ocrx_word' id='word_1_53' title='bbox 690 1024 777 1089; x_wconf 90' lang='lat' dir='ltr'>uotis</span> <span class='ocrx_word' id='word_1_54' title='bbox 796 1023 824 1088; x_wconf 91' lang='lat' dir='ltr'>is</span> <span class='ocrx_word' id='word_1_55' title='bbox 844 1023 952 1108; x_wconf 85' lang='lat' dir='ltr'>ceder,</span> <span class='ocrx_word' id='word_1_56' title='bbox 975 1046 1075 1108; x_wconf 90' lang='lat' dir='ltr'>equo</span> <span class='ocrx_word' id='word_1_57' title='bbox 1090 1024 1145 1091; x_wconf 90' lang='lat' dir='ltr'>hic</span> <span class='ocrx_word' id='word_1_58' title='bbox 1159 1024 1287 1111; x_wconf 89' lang='lat' dir='ltr'>ductus,</span> 
     </span>
     <span class='ocr_line' id='line_1_8' title="bbox 133 1131 1288 1218; baseline 0.001 -21"><span class='ocrx_word' id='word_1_59' title='bbox 133 1133 168 1197; x_wconf 91' lang='lat' dir='ltr'>in</span> <span class='ocrx_word' id='word_1_60' title='bbox 187 1133 259 1217; x_wconf 91' lang='lat' dir='ltr'>ipsa</span> <span class='ocrx_word' id='word_1_61' title='bbox 277 1153 463 1197; x_wconf 89' lang='lat' dir='ltr'>sermonum</span> <span class='ocrx_word' id='word_1_62' title='bbox 482 1131 695 1196; x_wconf 75' lang='lat' dir='ltr'>continuitate</span> <span class='ocrx_word' id='word_1_63' title='bbox 719 1131 843 1217; x_wconf 65' lang='lat' dir='ltr'>grecas</span> <span class='ocrx_word' id='word_1_64' title='bbox 862 1131 981 1196; x_wconf 86' lang='lat' dir='ltr'>litteris</span> <span class='ocrx_word' id='word_1_65' title='bbox 1000 1132 1164 1216; x_wconf 83' lang='lat' dir='ltr'>utebatur,</span> <span class='ocrx_word' id='word_1_66' title='bbox 1186 1133 1288 1218; x_wconf 86' lang='lat' dir='ltr'>plane</span> 
     </span>
     <span class='ocr_line' id='line_1_9' title="bbox 135 1236 1287 1305; baseline 0.001 -1"><span class='ocrx_word' id='word_1_67' title='bbox 135 1243 172 1304; x_wconf 87' lang='lat' dir='ltr'>nt</span> <span class='ocrx_word' id='word_1_68' title='bbox 203 1241 237 1304; x_wconf 94' lang='lat' dir='ltr'>in</span> <span class='ocrx_word' id='word_1_69' title='bbox 264 1238 423 1303; x_wconf 90' lang='lat' dir='ltr'>Bembino</span> <span class='ocrx_word' id='word_1_70' title='bbox 456 1238 539 1303; x_wconf 89' lang='lat' dir='ltr'>libro</span> <span class='ocrx_word' id='word_1_71' title='bbox 568 1237 712 1302; x_wconf 86' lang='lat' dir='ltr'>Terentii</span> <span class='ocrx_word' id='word_1_72' title='bbox 745 1238 878 1303; x_wconf 87' lang='lat' dir='ltr'>factum.</span> <span class='ocrx_word' id='word_1_73' title='bbox 922 1236 1003 1302; x_wconf 83' lang='lat' dir='ltr'>Eius</span> <span class='ocrx_word' id='word_1_74' title='bbox 1035 1238 1287 1305; x_wconf 82' lang='lat' dir='ltr'>consuetudinis</span> 
     </span>
     <span class='ocr_line' id='line_1_10' title="bbox 134 1343 1290 1432; baseline 0.002 -22"><span class='ocrx_word' id='word_1_75' title='bbox 134 1345 230 1412; x_wconf 92' lang='lat' dir='ltr'>modo</span> <span class='ocrx_word' id='word_1_76' title='bbox 258 1346 354 1431; x_wconf 93' lang='lat' dir='ltr'>plura</span> <span class='ocrx_word' id='word_1_77' title='bbox 383 1345 478 1410; x_wconf 92' lang='lat' dir='ltr'>modo</span> <span class='ocrx_word' id='word_1_78' title='bbox 507 1344 660 1428; x_wconf 88' lang='lat' dir='ltr'>pauciora</span> <span class='ocrx_word' id='word_1_79' title='bbox 683 1345 824 1428; x_wconf 89' lang='lat' dir='ltr'>vestigia</span> <span class='ocrx_word' id='word_1_80' title='bbox 846 1344 881 1409; x_wconf 88' lang='lat' dir='ltr'><em>B</em></span> <span class='ocrx_word' id='word_1_81' title='bbox 904 1343 1048 1409; x_wconf 86' lang='lat' dir='ltr'>servavit</span> <span class='ocrx_word' id='word_1_82' title='bbox 1070 1344 1105 1409; x_wconf 92' lang='lat' dir='ltr'>in</span> <span class='ocrx_word' id='word_1_83' title='bbox 1129 1345 1290 1432; x_wconf 87' lang='lat' dir='ltr'>Poenulo,</span> 
     </span>
     <span class='ocr_line' id='line_1_11' title="bbox 133 1450 1288 1538; baseline -0.001 -20"><span class='ocrx_word' id='word_1_84' title='bbox 133 1453 311 1536; x_wconf 86' lang='lat' dir='ltr'>Pseudulo,</span> <span class='ocrx_word' id='word_1_85' title='bbox 339 1450 549 1534; x_wconf 83' lang='lat' dir='ltr'>Truculento,</span> <span class='ocrx_word' id='word_1_86' title='bbox 578 1451 676 1515; x_wconf 86' lang='lat' dir='ltr'>etiam</span> <span class='ocrx_word' id='word_1_87' title='bbox 700 1453 734 1515; x_wconf 91' lang='lat' dir='ltr'>in</span> <span class='ocrx_word' id='word_1_88' title='bbox 756 1450 987 1536; x_wconf 87' lang='lat' dir='ltr'>Bacchidibus,</span> <span class='ocrx_word' id='word_1_89' title='bbox 1019 1451 1053 1515; x_wconf 94' lang='lat' dir='ltr'>id</span> <span class='ocrx_word' id='word_1_90' title='bbox 1077 1450 1165 1536; x_wconf 91' lang='lat' dir='ltr'>quod</span> <span class='ocrx_word' id='word_1_91' title='bbox 1187 1452 1288 1538; x_wconf 89' lang='lat' dir='ltr'>tetigi</span> 
     </span>
     <span class='ocr_line' id='line_1_12' title="bbox 53 1556 1289 1642; baseline -0.002 -17"><span class='ocrx_word' id='word_1_92' title='bbox 53 1585 122 1626; x_wconf 82' lang='lat' dir='ltr'>xxx</span> <span class='ocrx_word' id='word_1_93' title='bbox 136 1558 240 1624; x_wconf 90' lang='lat' dir='ltr'>Musei</span> <span class='ocrx_word' id='word_1_94' title='bbox 277 1557 382 1622; x_wconf 85' lang='lat' dir='ltr'>nostri</span> <span class='ocrx_word' id='word_1_95' title='bbox 417 1557 529 1641; x_wconf 94' lang='lat' dir='ltr'>philol.</span> <span class='ocrx_word' id='word_1_96' title='bbox 567 1561 588 1622; x_wconf 85' lang='lat' dir='ltr'>t.</span> <span class='ocrx_word' id='word_1_97' title='bbox 612 1556 660 1621; x_wconf 88' lang='lat' dir='ltr'>IV</span> <span class='ocrx_word' id='word_1_98' title='bbox 692 1580 723 1641; x_wconf 92' lang='lat' dir='ltr'>p.</span> <span class='ocrx_word' id='word_1_99' title='bbox 746 1558 812 1623; x_wconf 84' lang='lat'>355</span> <span class='ocrx_word' id='word_1_100' title='bbox 827 1581 874 1642; x_wconf 87' lang='lat' dir='ltr'>sq.</span> <span class='ocrx_word' id='word_1_101' title='bbox 908 1560 965 1639; x_wconf 95' lang='lat'>[=</span> <span class='ocrx_word' id='word_1_102' title='bbox 988 1557 1106 1642; x_wconf 87' lang='lat' dir='ltr'>Opusc.</span> <span class='ocrx_word' id='word_1_103' title='bbox 1139 1556 1222 1642; x_wconf 91' lang='lat' dir='ltr'>phil.</span> <span class='ocrx_word' id='word_1_104' title='bbox 1255 1559 1289 1624; x_wconf 91' lang='lat' dir='ltr'>ll</span> 
     </span>
     <span class='ocr_line' id='line_1_13' title="bbox 133 1663 1289 1751; baseline 0.003 -22"><span class='ocrx_word' id='word_1_105' title='bbox 133 1689 163 1751; x_wconf 91' lang='lat' dir='ltr'>p.</span> <span class='ocrx_word' id='word_1_106' title='bbox 178 1665 330 1748; x_wconf 74' lang='lat' dir='ltr'>294sq.]:</span> <span class='ocrx_word' id='word_1_107' title='bbox 355 1663 412 1728; x_wconf 88' lang='lat' dir='ltr'>sed</span> <span class='ocrx_word' id='word_1_108' title='bbox 435 1668 624 1730; x_wconf 83' lang='lat' dir='ltr'>constanter</span> <span class='ocrx_word' id='word_1_109' title='bbox 647 1664 733 1730; x_wconf 91' lang='lat' dir='ltr'>idem</span> <span class='ocrx_word' id='word_1_110' title='bbox 757 1687 827 1729; x_wconf 90' lang='lat' dir='ltr'>mos</span> <span class='ocrx_word' id='word_1_111' title='bbox 851 1687 908 1748; x_wconf 88' lang='lat' dir='ltr'>per</span> <span class='ocrx_word' id='word_1_112' title='bbox 931 1666 1037 1750; x_wconf 89' lang='lat' dir='ltr'>ipsam</span> <span class='ocrx_word' id='word_1_113' title='bbox 1052 1664 1289 1732; x_wconf 90' lang='lat' dir='ltr'>Trinummum</span> 
     </span>
     <span class='ocr_line' id='line_1_14' title="bbox 133 1768 1290 1857; baseline 0.003 -21"><span class='ocrx_word' id='word_1_114' title='bbox 133 1771 286 1856; x_wconf 89' lang='lat' dir='ltr'>pertinet.</span> <span class='ocrx_word' id='word_1_115' title='bbox 332 1768 372 1834; x_wconf 93' lang='lat' dir='ltr'>In</span> <span class='ocrx_word' id='word_1_116' title='bbox 395 1792 459 1854; x_wconf 91' lang='lat' dir='ltr'>qua</span> <span class='ocrx_word' id='word_1_117' title='bbox 481 1771 752 1854; x_wconf 90' lang='lat' dir='ltr'>quemadmodum</span> <span class='ocrx_word' id='word_1_118' title='bbox 776 1774 801 1836; x_wconf 84' lang='lat' dir='ltr'>A</span> <span class='ocrx_word' id='word_1_119' title='bbox 824 1771 935 1835; x_wconf 89' lang='lat' dir='ltr'>littera</span> <span class='ocrx_word' id='word_1_120' title='bbox 964 1793 1036 1837; x_wconf 91' lang='lat' dir='ltr'>cum</span> <span class='ocrx_word' id='word_1_121' title='bbox 1061 1771 1290 1857; x_wconf 87' lang='lat' dir='ltr'>Megaronidis</span> 
     </span>
     <span class='ocr_line' id='line_1_15' title="bbox 133 1875 1291 1965; baseline 0.003 -22"><span class='ocrx_word' id='word_1_122' title='bbox 133 1883 203 1943; x_wconf 90' lang='lat' dir='ltr'>tum</span> <span class='ocrx_word' id='word_1_123' title='bbox 226 1876 399 1960; x_wconf 88' lang='lat' dir='ltr'>Philtonis,</span> <span class='ocrx_word' id='word_1_124' title='bbox 424 1878 580 1943; x_wconf 83' lang='grc' dir='ltr'>ΒΕΖΘΚΧ</span> <span class='ocrx_word' id='word_1_125' title='bbox 599 1877 719 1942; x_wconf 84' lang='lat' dir='ltr'>litteris</span> <span class='ocrx_word' id='word_1_126' title='bbox 735 1875 891 1958; x_wconf 83' lang='lat' dir='ltr'>Calliclis,</span> <span class='ocrx_word' id='word_1_127' title='bbox 914 1877 1077 1962; x_wconf 86' lang='lat' dir='ltr'>Lysitelis,</span> <span class='ocrx_word' id='word_1_128' title='bbox 1102 1877 1291 1965; x_wconf 89' lang='lat' dir='ltr'>Lesbonici,</span> 
     </span>
     <span class='ocr_line' id='line_1_16' title="bbox 134 1979 1291 2074; baseline 0.003 -24"><span class='ocrx_word' id='word_1_129' title='bbox 134 1982 330 2066; x_wconf 84' lang='lat' dir='ltr'>Charmidis,</span> <span class='ocrx_word' id='word_1_130' title='bbox 363 1979 511 2068; x_wconf 82' lang='lat' dir='ltr'>Stasimi,</span> <span class='ocrx_word' id='word_1_131' title='bbox 544 1981 771 2068; x_wconf 73' lang='lat' dir='ltr'>sycophantae</span> <span class='ocrx_word' id='word_1_132' title='bbox 803 2005 961 2069; x_wconf 88' lang='lat' dir='ltr'>personae</span> <span class='ocrx_word' id='word_1_133' title='bbox 993 1985 1208 2074; x_wconf 86' lang='lat' dir='ltr'>notantur*),</span> <span class='ocrx_word' id='word_1_134' title='bbox 1242 1989 1291 2054; x_wconf 88' lang='lat' dir='ltr'>ita</span> 
     </span>
     <span class='ocr_line' id='line_1_17' title="bbox 134 2091 1289 2179; baseline 0.005 -24"><span class='ocrx_word' id='word_1_135' title='bbox 134 2113 216 2175; x_wconf 88' lang='lat' dir='ltr'>quae</span> <span class='ocrx_word' id='word_1_136' title='bbox 244 2092 410 2174; x_wconf 89' lang='lat' dir='ltr'>postrema</span> <span class='ocrx_word' id='word_1_137' title='bbox 437 2111 576 2174; x_wconf 86' lang='lat' dir='ltr'>persona</span> <span class='ocrx_word' id='word_1_138' title='bbox 606 2091 717 2175; x_wconf 89' lang='lat' dir='ltr'>prodit</span> <span class='ocrx_word' id='word_1_139' title='bbox 739 2091 889 2156; x_wconf 71' lang='lat' dir='ltr'>Phania</span> <span class='ocrx_word' id='word_1_140' title='bbox 916 2092 1071 2177; x_wconf 87' lang='lat' dir='ltr'>recitans,</span> <span class='ocrx_word' id='word_1_141' title='bbox 1098 2093 1180 2159; x_wconf 90' lang='lat' dir='ltr'>item</span> <span class='ocrx_word' id='word_1_142' title='bbox 1214 2118 1289 2179; x_wconf 90' lang='lat' dir='ltr'>pos·</span> 
     </span>
     <span class='ocr_line' id='line_1_18' title="bbox 134 2196 1328 2285; baseline 0.004 -22"><span class='ocrx_word' id='word_1_143' title='bbox 134 2202 238 2263; x_wconf 87' lang='lat' dir='ltr'>trema</span> <span class='ocrx_word' id='word_1_144' title='bbox 261 2196 380 2280; x_wconf 88' lang='lat' dir='ltr'>littera,</span> <span class='ocrx_word' id='word_1_145' title='bbox 403 2219 486 2281; x_wconf 89' lang='lat' dir='ltr'>quae</span> <span class='ocrx_word' id='word_1_146' title='bbox 511 2201 562 2261; x_wconf 82' lang='lat' dir='ltr'>est</span> <span class='ocrx_word' id='word_1_147' title='bbox 584 2197 676 2261; x_wconf 77' lang='lat' dir='ltr'>uvel</span> <span class='ocrx_word' id='word_1_148' title='bbox 696 2218 733 2282; x_wconf 82' lang='grc' dir='ltr'>ω,</span> <span class='ocrx_word' id='word_1_149' title='bbox 756 2219 828 2262; x_wconf 93' lang='lat' dir='ltr'>cum</span> <span class='ocrx_word' id='word_1_150' title='bbox 853 2198 888 2262; x_wconf 90' lang='lat' dir='ltr'>in</span> <span class='ocrx_word' id='word_1_151' title='bbox 910 2197 1062 2263; x_wconf 87' lang='lat' dir='ltr'>Terentio</span> <span class='ocrx_word' id='word_1_152' title='bbox 1086 2204 1291 2285; x_wconf 87' lang='lat' dir='ltr'>constanter,</span> <span class='ocrx_word' id='word_1_153' title='bbox 1326 2206 1328 2217; x_wconf 92' lang='lat'>&#39;</span> 
     </span>
     <span class='ocr_line' id='line_1_19' title="bbox 133 2302 1289 2389; baseline 0.003 -20"><span class='ocrx_word' id='word_1_154' title='bbox 133 2309 204 2369; x_wconf 92' lang='lat' dir='ltr'>tum</span> <span class='ocrx_word' id='word_1_155' title='bbox 232 2303 294 2368; x_wconf 94' lang='lat' dir='ltr'>hoc</span> <span class='ocrx_word' id='word_1_156' title='bbox 324 2324 389 2367; x_wconf 89' lang='lat' dir='ltr'>uno</span> <span class='ocrx_word' id='word_1_157' title='bbox 419 2302 491 2367; x_wconf 92' lang='lat' dir='ltr'>loco</span> <span class='ocrx_word' id='word_1_158' title='bbox 519 2303 554 2367; x_wconf 89' lang='lat' dir='ltr'>in</span> <span class='ocrx_word' id='word_1_159' title='bbox 578 2302 740 2368; x_wconf 88' lang='lat' dir='ltr'>Plautinis</span> <span class='ocrx_word' id='word_1_160' title='bbox 763 2304 858 2368; x_wconf 89' lang='lat' dir='ltr'>libris</span> <span class='ocrx_word' id='word_1_161' title='bbox 882 2303 1068 2389; x_wconf 84' lang='lat' dir='ltr'>significata</span> <span class='ocrx_word' id='word_1_162' title='bbox 1091 2309 1152 2370; x_wconf 81' lang='lat' dir='ltr'>est</span> <span class='ocrx_word' id='word_1_163' title='bbox 1200 2307 1289 2374; x_wconf 88' lang='lat' dir='ltr'>Hine</span> 
     </span>
     <span class='ocr_line' id='line_1_20' title="bbox 134 2408 1285 2496; baseline 0.003 -21"><span class='ocrx_word' id='word_1_164' title='bbox 134 2411 328 2496; x_wconf 82' lang='lat' dir='ltr'>perspicitur</span> <span class='ocrx_word' id='word_1_165' title='bbox 352 2409 502 2474; x_wconf 85' lang='lat' dir='ltr'>subtilius</span> <span class='ocrx_word' id='word_1_166' title='bbox 526 2431 624 2493; x_wconf 88' lang='lat' dir='ltr'>quam</span> <span class='ocrx_word' id='word_1_167' title='bbox 648 2409 754 2473; x_wconf 86' lang='lat' dir='ltr'>verius</span> <span class='ocrx_word' id='word_1_168' title='bbox 777 2408 962 2473; x_wconf 86' lang='lat' dir='ltr'>Bentleium</span> <span class='ocrx_word' id='word_1_169' title='bbox 985 2409 1019 2473; x_wconf 92' lang='lat' dir='ltr'>in</span> <span class='ocrx_word' id='word_1_170' title='bbox 1033 2409 1134 2477; x_wconf 83' lang='lat' dir='ltr'>Andr.</span> <span class='ocrx_word' id='word_1_171' title='bbox 1150 2411 1191 2496; x_wconf 92' lang='lat' dir='ltr'>V,</span> <span class='ocrx_word' id='word_1_172' title='bbox 1202 2415 1235 2496; x_wconf 87' lang='lat'>6,</span> <span class='ocrx_word' id='word_1_173' title='bbox 1249 2414 1285 2479; x_wconf 77' lang='lat'>17</span> 
     </span>
     <span class='ocr_line' id='line_1_21' title="bbox 133 2513 1286 2603; baseline 0.003 -20"><span class='ocrx_word' id='word_1_174' title='bbox 133 2518 225 2583; x_wconf 91' lang='lat' dir='ltr'>illam</span> <span class='ocrx_word' id='word_1_175' title='bbox 252 2539 279 2582; x_wconf 90' lang='grc' dir='ltr'>ω</span> <span class='ocrx_word' id='word_1_176' title='bbox 307 2519 420 2581; x_wconf 88' lang='lat' dir='ltr'>notam</span> <span class='ocrx_word' id='word_1_177' title='bbox 443 2516 619 2581; x_wconf 87' lang='lat' dir='ltr'>coniecisse</span> <span class='ocrx_word' id='word_1_178' title='bbox 643 2538 660 2580; x_wconf 92' lang='lat' dir='ltr'>e</span> <span class='ocrx_word' id='word_1_179' title='bbox 684 2513 751 2581; x_wconf 82' lang='lat' dir='ltr'>CA.</span> <span class='ocrx_word' id='word_1_180' title='bbox 774 2515 893 2581; x_wconf 87' lang='lat' dir='ltr'>litteris</span> <span class='ocrx_word' id='word_1_181' title='bbox 917 2518 1023 2580; x_wconf 86' lang='lat' dir='ltr'>ortam</span> <span class='ocrx_word' id='word_1_182' title='bbox 1046 2537 1133 2603; x_wconf 89' lang='lat' dir='ltr'>esse,</span> <span class='ocrx_word' id='word_1_183' title='bbox 1167 2520 1286 2603; x_wconf 91' lang='lat' dir='ltr'>quibus</span> 
     </span>
     <span class='ocr_line' id='line_1_22' title="bbox 135 2622 1285 2710; baseline 0.003 -21"><span class='ocrx_word' id='word_1_184' title='bbox 135 2622 313 2689; x_wconf 83' lang='lat' dir='ltr'>CANTOR</span> <span class='ocrx_word' id='word_1_185' title='bbox 344 2643 461 2687; x_wconf 91' lang='lat' dir='ltr'>nomen</span> <span class='ocrx_word' id='word_1_186' title='bbox 494 2622 742 2707; x_wconf 88' lang='lat' dir='ltr'>significaretur.</span> <span class='ocrx_word' id='word_1_187' title='bbox 787 2623 910 2687; x_wconf 89' lang='lat' dir='ltr'>Verum</span> <span class='ocrx_word' id='word_1_188' title='bbox 947 2622 1081 2687; x_wconf 87' lang='lat' dir='ltr'>eandem</span> <span class='ocrx_word' id='word_1_189' title='bbox 1117 2627 1207 2710; x_wconf 92' lang='lat' dir='ltr'>quod</span> <span class='ocrx_word' id='word_1_190' title='bbox 1246 2626 1285 2693; x_wconf 86' lang='lat' dir='ltr'>cd</span> 
     </span>
     <span class='ocr_line' id='line_1_23' title="bbox 134 2728 1286 2815; baseline 0.003 -19"><span class='ocrx_word' id='word_1_191' title='bbox 134 2730 275 2796; x_wconf 87' lang='lat' dir='ltr'>cantoris</span> <span class='ocrx_word' id='word_1_192' title='bbox 306 2751 480 2812; x_wconf 88' lang='lat' dir='ltr'>personam</span> <span class='ocrx_word' id='word_1_193' title='bbox 503 2728 642 2795; x_wconf 82' lang='lat' dir='ltr'>Horatio</span> <span class='ocrx_word' id='word_1_194' title='bbox 673 2729 751 2794; x_wconf 90' lang='lat' dir='ltr'>duce</span> <span class='ocrx_word' id='word_1_195' title='bbox 775 2730 917 2813; x_wconf 87' lang='lat' dir='ltr'>rettulit,</span> <span class='ocrx_word' id='word_1_196' title='bbox 950 2729 982 2794; x_wconf 91' lang='lat' dir='ltr'>id</span> <span class='ocrx_word' id='word_1_197' title='bbox 1006 2752 1079 2795; x_wconf 93' lang='lat' dir='ltr'>eum</span> <span class='ocrx_word' id='word_1_198' title='bbox 1108 2736 1190 2815; x_wconf 90' lang='lat' dir='ltr'>puto</span> <span class='ocrx_word' id='word_1_199' title='bbox 1219 2738 1286 2799; x_wconf 79' lang='lat' dir='ltr'>taur</span> 
     </span>
     <span class='ocr_line' id='line_1_24' title="bbox 135 2830 1286 2921; baseline 0.003 -18"><span class='ocrx_word' id='word_1_200' title='bbox 135 2842 221 2903; x_wconf 88' lang='lat' dir='ltr'>recte</span> <span class='ocrx_word' id='word_1_201' title='bbox 246 2837 375 2921; x_wconf 90' lang='lat' dir='ltr'>vidisse,</span> <span class='ocrx_word' id='word_1_202' title='bbox 398 2841 435 2900; x_wconf 90' lang='lat' dir='ltr'>ut</span> <span class='ocrx_word' id='word_1_203' title='bbox 458 2859 524 2901; x_wconf 92' lang='lat' dir='ltr'>non</span> <span class='ocrx_word' id='word_1_204' title='bbox 547 2837 725 2902; x_wconf 88' lang='lat' dir='ltr'>dubitarim</span> <span class='ocrx_word' id='word_1_205' title='bbox 748 2830 926 2902; x_wconf 78' lang='lat' dir='ltr'>OANTOR</span> <span class='ocrx_word' id='word_1_206' title='bbox 951 2859 1068 2902; x_wconf 93' lang='lat' dir='ltr'>nomen</span> <span class='ocrx_word' id='word_1_207' title='bbox 1093 2839 1286 2907; x_wconf 87' lang='lat' dir='ltr'>adscribere.</span> 
     </span>
     <span class='ocr_line' id='line_1_25' title="bbox 135 2942 1288 3014; baseline 0.004 -5"><span class='ocrx_word' id='word_1_208' title='bbox 135 2943 196 3009; x_wconf 82' lang='lat' dir='ltr'>Cui</span> <span class='ocrx_word' id='word_1_209' title='bbox 220 2943 399 3007; x_wconf 87' lang='lat' dir='ltr'>sententiae</span> <span class='ocrx_word' id='word_1_210' title='bbox 423 2942 663 3008; x_wconf 89' lang='lat' dir='ltr'>confirmandae</span> <span class='ocrx_word' id='word_1_211' title='bbox 687 2966 751 3009; x_wconf 92' lang='lat' dir='ltr'>non</span> <span class='ocrx_word' id='word_1_212' title='bbox 775 2944 978 3009; x_wconf 91' lang='lat' dir='ltr'>incommode</span> <span class='ocrx_word' id='word_1_213' title='bbox 998 2944 1210 3013; x_wconf 87' lang='lat' dir='ltr'>adhibebitur</span> <span class='ocrx_word' id='word_1_214' title='bbox 1233 2971 1288 3014; x_wconf 78' lang='lat' dir='ltr'>no</span> 
     </span>
     <span class='ocr_line' id='line_1_26' title="bbox 135 3049 1288 3137; baseline 0.003 -21"><span class='ocrx_word' id='word_1_215' title='bbox 135 3050 248 3116; x_wconf 88' lang='lat' dir='ltr'>tabilis</span> <span class='ocrx_word' id='word_1_216' title='bbox 272 3050 429 3113; x_wconf 89' lang='lat' dir='ltr'>memoria</span> <span class='ocrx_word' id='word_1_217' title='bbox 448 3050 645 3133; x_wconf 87' lang='lat' dir='ltr'>optimorum</span> <span class='ocrx_word' id='word_1_218' title='bbox 664 3050 823 3114; x_wconf 89' lang='lat' dir='ltr'>librorum</span> <span class='ocrx_word' id='word_1_219' title='bbox 846 3051 881 3114; x_wconf 90' lang='lat' dir='ltr'>in</span> <span class='ocrx_word' id='word_1_220' title='bbox 901 3051 989 3115; x_wconf 82' lang='lat' dir='ltr'>exitu</span> <span class='ocrx_word' id='word_1_221' title='bbox 1003 3049 1122 3115; x_wconf 86' lang='lat' dir='ltr'>Persae</span> <span class='ocrx_word' id='word_1_222' title='bbox 1143 3053 1288 3137; x_wconf 88' lang='lat' dir='ltr'>fabulae,</span> 
     </span>
     <span class='ocr_line' id='line_1_27' title="bbox 137 3155 1291 3240; baseline 0.009 -21"><span class='ocrx_word' id='word_1_223' title='bbox 137 3156 191 3240; x_wconf 92' lang='lat' dir='ltr'>qui</span> <span class='ocrx_word' id='word_1_224' title='bbox 221 3155 275 3220; x_wconf 93' lang='lat' dir='ltr'>hic</span> <span class='ocrx_word' id='word_1_225' title='bbox 307 3159 357 3219; x_wconf 85' lang='lat' dir='ltr'>est</span> <span class='ocrx_word' id='word_1_226' title='bbox 386 3156 420 3220; x_wconf 88' lang='lat' dir='ltr'>in</span> <span class='ocrx_word' id='word_1_227' title='bbox 446 3156 585 3222; x_wconf 82' lang='lat' dir='ltr'><em>BODE:</em></span> <span class='ocrx_word' id='word_1_228' title='bbox 617 3157 759 3239; x_wconf 75' lang='lat' dir='ltr'>plaudite</span> <span class='ocrx_word' id='word_1_229' title='bbox 783 3159 904 3239; x_wconf 71' lang='lat' dir='ltr'>praetio.</span> <span class='ocrx_word' id='word_1_230' title='bbox 950 3157 1036 3222; x_wconf 89' lang='lat' dir='ltr'>Nam</span> <span class='ocrx_word' id='word_1_231' title='bbox 1064 3158 1098 3222; x_wconf 90' lang='lat' dir='ltr'>in</span> <span class='ocrx_word' id='word_1_232' title='bbox 1127 3159 1193 3227; x_wconf 94' lang='lat' dir='ltr'>hoc</span> <span class='ocrx_word' id='word_1_233' title='bbox 1223 3185 1291 3229; x_wconf 90' lang='lat' dir='ltr'>non</span> 
     </span>
     <span class='ocr_line' id='line_1_28' title="bbox 135 3261 1291 3355; baseline 0.006 -27"><span class='ocrx_word' id='word_1_234' title='bbox 135 3261 228 3328; x_wconf 89' lang='lat' dir='ltr'>video</span> <span class='ocrx_word' id='word_1_235' title='bbox 257 3263 334 3346; x_wconf 91' lang='lat' dir='ltr'>quid</span> <span class='ocrx_word' id='word_1_236' title='bbox 361 3264 463 3328; x_wconf 88' lang='lat' dir='ltr'>latere</span> <span class='ocrx_word' id='word_1_237' title='bbox 491 3265 597 3347; x_wconf 89' lang='lat' dir='ltr'>possit</span> <span class='ocrx_word' id='word_1_238' title='bbox 620 3264 683 3328; x_wconf 91' lang='lat' dir='ltr'>nisi</span> <span class='ocrx_word' id='word_1_239' title='bbox 708 3262 881 3330; x_wconf 78' lang='lat' dir='ltr'>OANTIO.</span> <span class='ocrx_word' id='word_1_240' title='bbox 929 3265 1051 3341; x_wconf 80' lang='lat' dir='ltr'>Quodsi</span> <span class='ocrx_word' id='word_1_241' title='bbox 1076 3268 1199 3351; x_wconf 87' lang='lat' dir='ltr'>cautio,</span> <span class='ocrx_word' id='word_1_242' title='bbox 1225 3293 1291 3355; x_wconf 85' lang='lat' dir='ltr'>qua</span> 
     </span>
     <span class='ocr_line' id='line_1_29' title="bbox 135 3370 1293 3461; baseline 0.008 -27"><span class='ocrx_word' id='word_1_243' title='bbox 135 3371 304 3455; x_wconf 89' lang='lat' dir='ltr'>prolusum</span> <span class='ocrx_word' id='word_1_244' title='bbox 333 3392 403 3434; x_wconf 91' lang='lat' dir='ltr'>esse</span> <span class='ocrx_word' id='word_1_245' title='bbox 427 3370 555 3435; x_wconf 88' lang='lat' dir='ltr'>fabulae</span> <span class='ocrx_word' id='word_1_246' title='bbox 579 3371 699 3436; x_wconf 86' lang='lat' dir='ltr'>actioni</span> <span class='ocrx_word' id='word_1_247' title='bbox 724 3372 858 3456; x_wconf 90' lang='lat' dir='ltr'>scimus,</span> <span class='ocrx_word' id='word_1_248' title='bbox 891 3371 1024 3436; x_wconf 87' lang='lat' dir='ltr'>eandem</span> <span class='ocrx_word' id='word_1_249' title='bbox 1049 3372 1151 3437; x_wconf 89' lang='lat' dir='ltr'>etiam</span> <span class='ocrx_word' id='word_1_250' title='bbox 1176 3397 1293 3461; x_wconf 77' lang='lat' dir='ltr'>seque</span> 
     </span>
     <span class='ocr_line' id='line_1_30' title="bbox 135 3477 1293 3562; baseline 0.005 -19"><span class='ocrx_word' id='word_1_251' title='bbox 135 3480 246 3562; x_wconf 88' lang='lat' dir='ltr'>batur,</span> <span class='ocrx_word' id='word_1_252' title='bbox 269 3477 350 3541; x_wconf 90' lang='lat' dir='ltr'>nihil</span> <span class='ocrx_word' id='word_1_253' title='bbox 375 3477 493 3541; x_wconf 90' lang='lat' dir='ltr'>mirum</span> <span class='ocrx_word' id='word_1_254' title='bbox 516 3481 567 3541; x_wconf 87' lang='lat' dir='ltr'>est</span> <span class='ocrx_word' id='word_1_255' title='bbox 589 3500 609 3541; x_wconf 88' lang='lat' dir='ltr'>a</span> <span class='ocrx_word' id='word_1_256' title='bbox 631 3478 810 3560; x_wconf 82' lang='lat' dir='ltr'>prodeunte</span> <span class='ocrx_word' id='word_1_257' title='bbox 834 3482 909 3561; x_wconf 90' lang='lat' dir='ltr'>post</span> <span class='ocrx_word' id='word_1_258' title='bbox 931 3483 1079 3544; x_wconf 84' lang='lat' dir='ltr'>actorum</span> <span class='ocrx_word' id='word_1_259' title='bbox 1105 3478 1293 3549; x_wconf 87' lang='lat' dir='ltr'>discessum</span> 
     </span>
     <span class='ocr_line' id='line_1_31' title="bbox 136 3584 1294 3671; baseline 0.005 -21"><span class='ocrx_word' id='word_1_260' title='bbox 136 3588 268 3651; x_wconf 87' lang='lat' dir='ltr'>cantore</span> <span class='ocrx_word' id='word_1_261' title='bbox 292 3584 391 3648; x_wconf 87' lang='lat' dir='ltr'>etiam</span> <span class='ocrx_word' id='word_1_262' title='bbox 415 3584 556 3666; x_wconf 76' lang='lat' dir='ltr'>plaudite</span> <span class='ocrx_word' id='word_1_263' title='bbox 586 3584 667 3648; x_wconf 91' lang='lat' dir='ltr'>illud</span> <span class='ocrx_word' id='word_1_264' title='bbox 690 3585 741 3649; x_wconf 87' lang='lat' dir='ltr'>vel</span> <span class='ocrx_word' id='word_1_265' title='bbox 764 3585 862 3650; x_wconf 73' lang='lat' dir='ltr'>cratete</span> <span class='ocrx_word' id='word_1_266' title='bbox 884 3591 912 3650; x_wconf 88' lang='lat' dir='ltr'>ct</span> <span class='ocrx_word' id='word_1_267' title='bbox 929 3586 1071 3668; x_wconf 69' lang='lat' dir='ltr'>pluraliter</span> <span class='ocrx_word' id='word_1_268' title='bbox 1094 3592 1294 3671; x_wconf 87' lang='lat' dir='ltr'>pronuntia·</span> 
     </span>
     <span class='ocr_line' id='line_1_32' title="bbox 135 3688 1294 3777; baseline 0.004 -20"><span class='ocrx_word' id='word_1_269' title='bbox 135 3695 207 3757; x_wconf 85' lang='lat' dir='ltr'>tum</span> <span class='ocrx_word' id='word_1_270' title='bbox 230 3712 309 3755; x_wconf 89' lang='lat' dir='ltr'>esse.</span> <span class='ocrx_word' id='word_1_271' title='bbox 356 3688 421 3754; x_wconf 84' lang='lat' dir='ltr'>Sua</span> <span class='ocrx_word' id='word_1_272' title='bbox 444 3696 559 3774; x_wconf 89' lang='lat' dir='ltr'>sponte</span> <span class='ocrx_word' id='word_1_273' title='bbox 584 3696 720 3775; x_wconf 87' lang='lat' dir='ltr'>apparet</span> <span class='ocrx_word' id='word_1_274' title='bbox 743 3692 906 3777; x_wconf 86' lang='lat' dir='ltr'>disparem</span> <span class='ocrx_word' id='word_1_275' title='bbox 929 3715 1000 3758; x_wconf 90' lang='lat' dir='ltr'>esse</span> <span class='ocrx_word' id='word_1_276' title='bbox 1024 3715 1138 3759; x_wconf 88' lang='lat' dir='ltr'>earnm</span> <span class='ocrx_word' id='word_1_277' title='bbox 1163 3695 1294 3762; x_wconf 85' lang='lat' dir='ltr'>fabula·</span> 
     </span>
     <span class='ocr_line' id='line_1_33' title="bbox 136 3796 1294 3881; baseline 0.008 -19"><span class='ocrx_word' id='word_1_278' title='bbox 136 3819 208 3862; x_wconf 90' lang='lat' dir='ltr'>rum</span> <span class='ocrx_word' id='word_1_279' title='bbox 240 3796 414 3880; x_wconf 89' lang='lat' dir='ltr'>rationem,</span> <span class='ocrx_word' id='word_1_280' title='bbox 447 3819 529 3881; x_wconf 89' lang='lat' dir='ltr'>quae</span> <span class='ocrx_word' id='word_1_281' title='bbox 562 3797 782 3881; x_wconf 90' lang='lat' dir='ltr'>compluribus</span> <span class='ocrx_word' id='word_1_282' title='bbox 816 3798 963 3862; x_wconf 86' lang='lat' dir='ltr'>versibus</span> <span class='ocrx_word' id='word_1_283' title='bbox 995 3801 1220 3868; x_wconf 86' lang='lat' dir='ltr'>terminantur</span> <span class='ocrx_word' id='word_1_284' title='bbox 1251 3805 1294 3872; x_wconf 88' lang='lat' dir='ltr'>ab</span> 
     </span>
    </p>
   </div>
   <div class='ocr_carea' id='block_1_3' title="bbox 137 3904 1295 4203">
    <p class='ocr_par' dir='ltr' id='par_1_3' title="bbox 137 3904 1295 4203">
     <span class='ocr_line' id='line_1_34' title="bbox 137 3904 1295 3990; baseline 0.008 -21"><span class='ocrx_word' id='word_1_285' title='bbox 137 3905 209 3988; x_wconf 90' lang='lat' dir='ltr'>ipso</span> <span class='ocrx_word' id='word_1_286' title='bbox 234 3908 426 3988; x_wconf 84' lang='lat' dir='ltr'>argumento</span> <span class='ocrx_word' id='word_1_287' title='bbox 451 3904 575 3969; x_wconf 91' lang='lat' dir='ltr'>alienis.</span> <span class='ocrx_word' id='word_1_288' title='bbox 616 3904 742 3990; x_wconf 86' lang='lat' dir='ltr'>Inque</span> <span class='ocrx_word' id='word_1_289' title='bbox 767 3925 884 3989; x_wconf 83' lang='lat' dir='ltr'>genere</span> <span class='ocrx_word' id='word_1_290' title='bbox 909 3910 1065 3989; x_wconf 88' lang='lat' dir='ltr'>quattuor</span> <span class='ocrx_word' id='word_1_291' title='bbox 1088 3913 1223 3976; x_wconf 82' lang='lat' dir='ltr'>tuntum</span> <span class='ocrx_word' id='word_1_292' title='bbox 1247 3913 1295 3978; x_wconf 89' lang='lat' dir='ltr'>in·</span> 
     </span>
     <span class='ocr_line' id='line_1_35' title="bbox 137 4009 1294 4096; baseline 0.011 -22"><span class='ocrx_word' id='word_1_293' title='bbox 137 4010 327 4093; x_wconf 88' lang='lat' dir='ltr'>scriptiones</span> <span class='ocrx_word' id='word_1_294' title='bbox 351 4009 385 4073; x_wconf 86' lang='lat' dir='ltr'><em>B</em></span> <span class='ocrx_word' id='word_1_295' title='bbox 414 4011 569 4074; x_wconf 87' lang='lat' dir='ltr'>servavit:</span> <span class='ocrx_word' id='word_1_296' title='bbox 607 4010 726 4076; x_wconf 81' lang='lat' dir='ltr'>GREX</span> <span class='ocrx_word' id='word_1_297' title='bbox 754 4012 788 4076; x_wconf 91' lang='lat' dir='ltr'>in</span> <span class='ocrx_word' id='word_1_298' title='bbox 812 4011 978 4096; x_wconf 87' lang='lat' dir='ltr'>Asinaria,</span> <span class='ocrx_word' id='word_1_299' title='bbox 1016 4012 1235 4085; x_wconf 84' lang='lat' dir='ltr'>GATERVA</span> <span class='ocrx_word' id='word_1_300' title='bbox 1258 4022 1294 4087; x_wconf 86' lang='lat' dir='ltr'>in</span> 
     </span>
     <span class='ocr_line' id='line_1_36' title="bbox 137 4114 952 4203; baseline 0.002 -22"><span class='ocrx_word' id='word_1_301' title='bbox 137 4114 281 4199; x_wconf 83' lang='lat' dir='ltr'>Captivis</span> <span class='ocrx_word' id='word_1_302' title='bbox 305 4118 339 4178; x_wconf 89' lang='lat' dir='ltr'>et</span> <span class='ocrx_word' id='word_1_303' title='bbox 362 4114 560 4201; x_wconf 80' lang='lat' dir='ltr'>Cistellaria,</span> <span class='ocrx_word' id='word_1_304' title='bbox 583 4116 726 4183; x_wconf 80' lang='lat' dir='ltr'>POETA</span> <span class='ocrx_word' id='word_1_305' title='bbox 749 4118 783 4181; x_wconf 89' lang='lat' dir='ltr'>iu</span> <span class='ocrx_word' id='word_1_306' title='bbox 806 4118 952 4203; x_wconf 80' lang='lat' dir='ltr'>Epidico.</span> 
     </span>
    </p>
   </div>
   <div class='ocr_carea' id='block_1_4' title="bbox 137 4313 348 4320">
    <p class='ocr_par' dir='ltr' id='par_1_4' title="bbox 137 4313 348 4320">
     <span class='ocr_line' id='line_1_37' title="bbox 137 4313 348 4320; baseline 0.005 -1"><span class='ocrx_word' id='word_1_307' title='bbox 137 4313 348 4320; x_wconf 76' lang='lat'><em>——---——</em></span> 
     </span>
    </p>
   </div>
   <div class='ocr_carea' id='block_1_5' title="bbox 225 4436 765 4525">
    <p class='ocr_par' dir='ltr' id='par_1_5' title="bbox 225 4436 765 4525">
     <span class='ocr_line' id='line_1_38' title="bbox 225 4436 765 4525; baseline 0 -18"><span class='ocrx_word' id='word_1_308' title='bbox 225 4448 250 4520; x_wconf 76' lang='lat'>*)</span> <span class='ocrx_word' id='word_1_309' title='bbox 271 4449 326 4523; x_wconf 79' lang='lat' dir='ltr'>[Of.</span> <span class='ocrx_word' id='word_1_310' title='bbox 344 4450 432 4520; x_wconf 82' lang='lat' dir='ltr'>praef.</span> <span class='ocrx_word' id='word_1_311' title='bbox 452 4436 518 4506; x_wconf 79' lang='lat' dir='ltr'>edit</span> <span class='ocrx_word' id='word_1_312' title='bbox 539 4451 587 4507; x_wconf 88' lang='lat' dir='ltr'>alt.</span> <span class='ocrx_word' id='word_1_313' title='bbox 606 4470 634 4522; x_wconf 91' lang='lat' dir='ltr'>p.</span> <span class='ocrx_word' id='word_1_314' title='bbox 654 4452 702 4506; x_wconf 89' lang='lat' dir='ltr'>LV</span> <span class='ocrx_word' id='word_1_315' title='bbox 713 4454 765 4525; x_wconf 88' lang='lat' dir='ltr'>sq.]</span> 
     </span>
    </p>
   </div>
   <div class='ocr_carea' id='block_1_6' title="bbox 0 0 1458 5032">
    <p class='ocr_par' dir='ltr' id='par_1_6' title="bbox 0 0 1458 5032">
     <span class='ocr_line' id='line_1_39' title="bbox 0 0 1458 5032; baseline 0 0"><span class='ocrx_word' id='word_1_316' title='bbox 0 0 1458 5032; x_wconf 95' lang='lat' dir='ltr'> </span> 
     </span>
    </p>
   </div>
  </div>
 </body>
</html>
