2836 5034
226 326 292 392 360
517 338 780 389 enonnconnva
803 339 850 386 na
873 334 1085 385 namorvmvs

227 486 328 571 phum
352 484 511 567 duximus,
533 484 625 549 cuius
648 485 778 567 praeter
796 482 963 550 haec.tam
981 500 1217 565 supervacanea
1233 479 1271 545 ad

228 594 261 658 in
292 599 321 658 st
352 592 416 656 fuit
447 614 544 677 quam
577 612 709 675 prorsus
742 589 923 654 necessaria
953 589 988 653 in
1020 586 1190 671 aphaeresi
1215 609 1271 652 sacr

227 721 386 785 personae
413 698 534 764 nocta’s
559 697 692 780 55551αέ,
720 697 828 781 qualia
856 697 925 761 sine
955 696 1065 780 aliqua
1088 698 1170 760 nota
1191 695 1271 777 plan<

227 807 350 872 habeas
375 806 430 890 qui
454 828 474 869 a
496 810 604 870 555155
626 809 733 869 noctem
756 803 930 868 discernas.
976 803 1040 867 Illa
1064 801 1167 888 igitur
1192 801 1249 867 sic:

229 919 261 978 et
292 913 407 998 Philto,
440 914 489 995 at,
521 913 637 997 scripsi
670 933 707 976 eo
741 911 969 995 confidentius,
1000 932 1064 996 quo
1096 911 1202 995 magis
1233 909 1270 974 du

229 1024 345 1106 potest,
367 1021 502 1085 relictast
524 1020 693 1103 scriptura,
719 1041 816 1103 quam
836 1040 896 1105 ego
919 1023 957 1083 ut
975 1017 1209 1103 simpliciorem
1226 1040 1271 1101 pri

110 1110 114 1115 ’
230 1151 271 1192 an
294 1128 401 1192 relicta
422 1132 451 1192 st
472 1132 617 1210 praestet
641 1127 788 1210 omnino,
817 1127 937 1212 quippe
961 1148 1024 1211 quo
1048 1125 1146 1191 facile
1169 1124 1249 1189 illud
1268 1152 1271 1184 ι

230 1235 316 1320 quod
338 1239 407 1300 tam
430 1235 582 1319 frequens
605 1235 639 1298 in
663 1235 821 1299 Palatinis
845 1233 938 1299 libris
963 1238 1014 1298 est
1035 1232 1066 1313 ft
1087 1233 1268 1298 litterarum

232 1341 438 1424 depravatio,
464 1341 527 1406 hoc
552 1345 591 1405 ut
619 1342 749 1425 saepius
778 1364 875 1426 quam
903 1341 984 1407 illud
1013 1341 1164 1407 offerant:
1193 1344 1229 1405 ut
1251 1363 1271 1404 v

140 1446 306 1514 cv111208.
330 1449 404 1513 227.
428 1448 502 1512 319.
526 1448 600 1514 338.
624 1449 699 1514 368.
722 1449 796 1514 378.
820 1449 895 1513 411.
918 1448 993 1513 422.
1017 1448 1092 1513 430.
1113 1432 1192 1512 439.
1212 1448 1271 1512 445

230 1556 305 1621 511.
335 1555 410 1621 525.
441 1554 515 1620 526.
545 1555 619 1620 533.
651 1556 725 1621 542.
756 1556 830 1621 563.
860 1555 934 1621 595.
965 1555 1040 1620 596.
1068 1555 1143 1620 869.
1174 1555 1247 1620 932.

231 1663 347 1747 quibus
372 1661 452 1726 adde
478 1660 523 1741 [a
550 1661 609 1742 fret
635 1661 699 1742 sim
726 1661 928 1746 corruptelas
951 1684 981 1726 v.
1008 1661 1080 1725 141.
1104 1661 1179 1727 364.
1203 1663 1271 1744 529,

231 1768 372 1853 syllabae
405 1768 440 1832 in
471 1767 524 1848 ast
555 1768 608 1833 vel
640 1770 683 1849 aas
707 1769 953 1834 conversionem
986 1769 1039 1833 vel
1075 1768 1151 1834 huic
1184 1774 1271 1834 contr

231 1876 375 1959 aliasque
404 1875 503 1940 miras
534 1897 629 1960 saepe
660 1877 906 1960 depravationes
936 1898 964 1941 v.
996 1876 1067 1941 112.
1099 1877 1174 1941 264.
1204 1878 1269 1941 368

231 1983 305 2048 600.
329 1983 403 2047 830.
430 1982 523 2047 1005.
550 1984 643 2048 1043.
671 1983 763 2049 1058.
791 1983 888 2049 1173:
912 2005 1082 2068 perperam
1106 1986 1217 2048 autem
1242 2007 1271 2068 p<

231 2094 329 2154 awast
355 2111 414 2172 pro
443 2111 527 2156 arcus
553 2094 598 2155 cst
623 2113 650 2154 v.
679 2090 772 2156 1055.
820 2088 881 2155 Sed
911 2112 987 2155 sane
1015 2111 1174 2174 personae
1203 2094 1271 2154 mut

232 2195 402 2261 accedente
420 2218 486 2262 non
510 2198 616 2281 potuit
640 2196 824 2281 aphaeresis
848 2197 950 2263 teneri
968 2221 996 2263 v.
1015 2197 1095 2261 934:
1117 2198 1154 2261 in
1172 2196 1271 2262 Ponte

232 2309 287 2388 est,
313 2324 377 2368 aon
403 2304 469 2369 illa.
518 2302 604 2369 Satis
631 2308 739 2369 autem
762 2305 910 2390 ineptum
935 2325 1005 2369 esse
1029 2308 1179 2388 apparet,
1204 2327 1271 2389 quo

232 2410 369 2475 busdam
397 2410 519 2495 placuit
545 2412 680 2477 naaus’s
707 2415 804 2496 atque
835 2411 983 2476 nacha'st
1004 2411 1147 2477 scribere
1171 2412 1270 2496 putid

233 2517 350 2602 gentis.
398 2514 549 2581 Ceterum
574 2523 607 2582 et
636 2520 752 2583 tertiae
776 2541 934 2602 personae
959 2523 990 2582 et
1014 2519 1173 2583 secundae
1199 2520 1271 2602 aph

233 2624 392 2689 vocalium
421 2623 550 2708 quidem
579 2626 724 2690 finalium
753 2625 932 2690 communis
961 2630 1011 2690 est
1039 2626 1201 2709 omniurn,
1234 2628 1271 2690 sir

233 2731 346 2795 breves
371 2735 448 2796 sunt
471 2733 537 2795 sive
562 2733 691 2817 longae:
720 2734 753 2798 in
781 2757 796 2799 s
822 2734 997 2798 terminata
1024 2733 1185 2798 vocabula
1216 2739 1271 2797 utr

234 2857 335 2919 genus
360 2838 528 2902 admittere
557 2839 617 2903 hae
642 2840 827 2905 condicione
852 2841 975 2923 solent,
997 2864 1018 2903 u
1057 2862 1128 2904 eam
1152 2862 1271 2905 consor

235 2965 316 3027 quae
340 2945 503 3027 praeeedit
526 2946 648 3010 vocalis
673 2947 778 3011 brevis
809 2949 866 3011 sit:
895 2948 935 3011 ab
964 2949 1005 3012 iis
1034 2969 1115 3032 quae
1144 2947 1179 3010 in
1205 2969 1271 3010 aar

235 3051 371 3114 alterum
395 3072 497 3137 genus
521 3076 653 3137 prorsus
678 3055 841 3118 exclusum
866 3059 916 3119 est
939 3055 1073 3138 solaque
1092 3054 1211 3119 tertiae
1232 3077 1271 3139 pe

236 3155 419 3238 aphaeresis
449 3159 559 3223 ascita.
606 3158 719 3244 Neque
748 3161 834 3224 enim
864 3184 901 3225 eo
929 3162 1061 3245 linguae
1090 3183 1167 3225 usus
1194 3184 1271 3245 prop

237 3265 286 3325 est
317 3266 368 3343 ut,
399 3266 483 3348 quod
510 3271 622 3350 posset
651 3268 808 3351 profecta,
842 3270 941 3333 etiarn
969 3271 1033 3333 aiei
1059 3268 1211 3350 quatem's
1239 3270 1271 3333 ot

237 3368 368 3432 51063
393 3373 546 3454 probaret
574 3396 632 3457 pro
656 3376 776 3455 quidem
799 3397 838 3454 es,
861 3398 1058 3459 quamquam
1083 3380 1116 3439 et
1138 3377 1271 3457 quicqua

235 3481 358 3555 quoiast
387 3477 492 3557 [quam
519 3486 561 3543 aet
589 3480 707 3561 Trin.²l
737 3505 765 3545 v.
795 3483 868 3546 801.
897 3483 962 3546 515
992 3486 1024 3546 et
1052 3489 1176 3563 5555535
1205 3489 1239 3547 et
1269 3517 1271 3544 2

238 3581 402 3663 quaelibet
432 3585 590 3667 probavit.
637 3587 675 3650 In
708 3589 873 3653 vocalibus
907 3593 1015 3654 autem
1048 3611 1115 3654 non
1146 3594 1219 3654 erat
1249 3614 1271 3655 55

237 3695 382 3769 quoquest
399 3712 426 3754 v.
441 3692 505 3755 429
527 3695 575 3757 vel
596 3696 805 3776 uicturuquest
825 3698 1017 3778 [uictumque
1035 3703 1078 3762 est
1092 3696 1214 3778 Trin.²]
1231 3721 1260 3762 5.

239 3794 307 3857 ita's
325 3817 354 3859 v.
373 3797 415 3860 46
440 3798 492 3861 551
520 3799 641 3865 liercle’s
665 3825 693 3866 v.
718 3803 782 3866 913
808 3803 917 3883 [lierda
940 3824 970 3868 es
993 3800 1100 3867 Trin.²
1123 3800 1166 3869 cf.¹
1184 3828 1214 3888 p.
1235 3822 1271 3870 5(

238 3900 286 3963 551
310 3900 424 3966 homo’s
446 3927 475 3966 v.
499 3906 561 3968 447
587 3908 637 3970 551
661 3914 715 3972 test
742 3932 770 3973 v.
799 3910 860 3974 196
884 3911 934 3974 551
958 3917 1020 3975 eost
1043 3933 1071 3975 v.
1098 3911 1165 3975 323
1191 3913 1245 3976 vel
1269 3963 1271 3972 .

238 4012 281 4070 est
303 4006 421 4088 Trin.²l
447 4032 474 4073 v.
498 4011 562 4074 946
586 4015 636 4076 551
664 4018 737 4080 iniat
763 4039 791 4081 v.
816 4017 881 4082 895
908 4018 958 4080 551
987 4018 1058 4082 mi's
1086 4019 1145 4099 [mi
1169 4026 1214 4084 ast
1238 4026 1272 4084 et

238 4111 354 4192 Trin.²]
375 4137 402 4178 v.
422 4116 473 4179 94.
493 4118 557 4182 635
576 4121 626 4183 551
652 4123 710 4186 lu's
734 4147 762 4189 v.
782 4126 847 4189 454
871 4125 1066 4211 defugerem,
1090 4147 1232 4210 quorum
1260 4151 1271 4191 s

240 4239 256 4280 e
286 4218 376 4284 libris
404 4223 484 4285 nihil
513 4227 664 4307 praesidii
694 4230 727 4292 in
755 4230 815 4295 hac
844 4231 958 4297 fabula
985 4232 1121 4316 habent,
1151 4233 1271 4298 athal

242 4323 334 4389 aliiis.
379 4326 513 4413 Denque
542 4332 575 4395 in
605 4334 664 4417 eis,
693 4358 772 4419 quae
796 4360 812 4400 a·
835 4340 1026 4403 consonanti
1049 4339 1221 4424 finiuntur,
1247 4342 1269 4406 b

241 4432 397 4496 vocalium
427 4435 506 4499 fines
536 4461 711 4523 numquam
742 4443 898 4507 secundae
928 4466 1088 4526 personae
1118 4446 1271 4530 aphaere
