2836 5034
148 338 213 401 326
435 351 700 399 racuucouuux
723 351 770 398 na
792 349 1005 399 sarrourava
1100 396 1106 403 .

149 497 348 560 tutissimum
377 494 478 560 videri
506 494 717 559 Ambrosiani
744 492 934 559 auctoritati
963 491 1174 576 mancipatum
1199 517 1220 558 es

149 603 343 687 ubicumque
366 601 400 666 id
424 622 504 667 sana
531 601 615 666 ratio
646 600 789 685 patiatur
816 621 876 664 nec
905 597 1108 684 praestantia
1132 596 1220 664 Palati:

29 736 133 776 nxvnr
148 732 220 774 rum
251 713 420 793 tamquam
452 709 487 772 in
520 709 629 774 oculos
662 708 814 773 incurrat
867 705 940 783 Quo
972 706 1082 771 minua
1117 706 1220 790 singula

149 816 307 900 quaedam
336 819 370 879 et
395 815 603 880 vehementer
632 818 797 899 suspecta,
824 834 906 898 quae
931 813 995 878 soli
1018 816 1174 879 testantur
1191 812 1220 878 Pa

150 924 219 1008 tini,
242 922 387 988 artificiis
406 920 599 1006 quibusdam
619 920 852 1006 interpretandi
872 919 1087 987 excusandivc
1104 920 1220 1004 ambegit

149 1031 287 1096 tutanda
306 1034 382 1095 sunt
401 1034 438 1094 ut
456 1029 674 1094 reconditiora
692 1032 790 1112 atque
809 1027 1029 1112 exquisitiora,
1051 1025 1107 1093 aad
1124 1026 1162 1090 ad
1178 1049 1220 1092 sau

151 1135 392 1221 simplicitatem
417 1135 652 1219 probatamque
676 1133 942 1200 consuetudinem
961 1156 1034 1200 cum
1053 1134 1086 1199 A
1107 1155 1220 1200 rerocau

150 1243 202 1308 lta
224 1243 309 1328 quod
333 1264 350 1306 e
375 1242 553 1306 recessibus
578 1241 704 1325 priscae
732 1241 862 1327 linguae
885 1262 1036 1307 manasse
1059 1241 1205 1306 creditum

150 1351 306 1416 columis
332 1347 528 1413 adiectivum
555 1369 615 1432 pro
643 1349 805 1414 incolumes
832 1347 1002 1432 positum„
1024 1347 1076 1414 cui
1098 1347 1220 1414 defende

151 1458 278 1542 glossas
315 1454 433 1520 Isidori
471 1455 721 1550 arcessiverunt
752 1455 905 1521 Plautum
940 1459 1027 1521 certe
1060 1477 1126 1521 non
1157 1458 1220 1541 amp

152 1583 341 1647 sponsorem
355 1561 497 1639 habebit,
516 1565 689 1645 postquam
708 1561 852 1646 vulgaris
871 1563 1055 1627 incolumem
1072 1561 1175 1628 forma
1186 1585 1209 1627 r.

110 1708 112 1712 >
152 1693 191 1733 ex
213 1671 245 1734 A
268 1668 396 1752 prodiit.
444 1667 497 1733 lta
523 1669 688 1734 accercito
715 1690 745 1733 v.
768 1668 848 1753 364,
876 1667 962 1754 quod
991 1669 1127 1754 ancipiti
1149 1669 1220 1735 simil

153 1776 227 1840 dine
256 1776 387 1840 illorum
415 1798 498 1859 quae
522 1780 598 1840 sunt
620 1776 772 1861 nefastus,
794 1777 949 1861 safarim
976 1777 1132 1857 nefandus
1152 1776 1220 1841 delei

152 1886 242 1964 runt,
271 1880 532 1966 expeditissimae
560 1883 626 1947 iam
655 1883 833 1968 scripturae
859 1904 923 1948 nou
950 1883 1051 1949 multa
1082 1883 1185 1949 cessit

152 1988 252 2053 leand
273 1987 452 2071 particulae
471 1987 538 2053 vim
561 1989 753 2074 prohibendi
778 1990 812 2054 in
833 1993 998 2073 posterum
1022 2011 1137 2055 versus
1159 1990 1216 2054 651

153 2094 269 2176 mabit,
296 2094 367 2178 ipso
394 2115 433 2158 ne
459 2117 517 2179 pro
541 2095 627 2161 lraud
652 2095 831 2161 substituto
858 2096 893 2161 in
915 2096 947 2160 A
970 2097 1180 2162 emaculatus.
1218 2096 1220 2101 ⁴

153 2206 315 2286 repugnat
333 2202 454 2267 rationi
468 2202 742 2287 frequentativum
758 2202 893 2269 verbum
911 2203 1105 2288 largitori,
1124 2226 1182 2269 nec
1195 2227 1220 2268 m

153 2311 315 2393 repugnat
341 2329 436 2372 versu
466 2309 544 2393 742,
572 2309 627 2373 sed
656 2310 838 2394 exemplum
867 2314 995 2394 praeter
1019 2310 1081 2376 hoc
1104 2310 1207 2396 ipsum

130 2434 133 2441 ·
153 2413 265 2478 habet:
288 2413 345 2477 ubi
369 2436 442 2479 cum
466 2414 603 2499 simplex
627 2416 739 2499 largiri
763 2416 896 2481 verbum
914 2416 946 2480 A
964 2419 1116 2501 testetur,
1139 2416 1213 2482 illud

154 2519 273 2605 poterit
295 2542 361 2585 non
384 2543 401 2584 o
425 2522 536 2587 lexicis
559 2524 696 2588 exulare.
744 2521 806 2588 Sed
830 2545 908 2588 sane
931 2524 1048 2589 horum
1065 2523 1158 2607 nihil,
1180 2523 1220 2587 ab=

154 2628 371 2693 Ambrosiano
395 2632 489 2712 esset,
513 2630 562 2694 vel
587 2629 723 2695 inveniri
746 2630 931 2696 coniectura
953 2635 1107 2714 potuerat
1126 2632 1172 2695 vel
1192 2631 1220 2694 iu

156 2739 226 2799 tum
250 2735 362 2818 reponi
386 2734 550 2800 debuerat.

621 3038 733 3085 cxxvr
758 3020 830 3087 Vll.

181 3155 184 3160 ’
243 3159 453 3226 Enuclcatius
478 3163 629 3226 vitiorum
654 3186 785 3229 caussas
809 3168 842 3228 et
865 3185 985 3248 genera
1009 3170 1196 3247 persecutus
1216 3187 1220 3224 i

156 3289 220 3351 quo
244 3267 414 3332 certiorem
438 3269 517 3332 mihi
542 3269 627 3333 viam
652 3270 691 3334 ad
717 3292 804 3335 meas
823 3270 1016 3335 emendandi
1035 3273 1176 3337 rationes
1194 3277 1220 3335 tu

156 3373 213 3437 das
242 3374 574 3459 commendandasque
603 3377 769 3441 munirem.
815 3376 891 3463 Nou
919 3379 969 3440 est
995 3376 1081 3441 enim
1110 3378 1138 3441 is
1166 3376 1220 3441 sori

156 3478 304 3564 Plautus,
334 3504 397 3566 quo
429 3503 502 3545 cum
532 3504 583 3565 ea,
616 3506 698 3567 quac
729 3484 830 3548 tantis
863 3483 959 3549 hodie
988 3483 1139 3550 laudibus
1167 3507 1220 3550 ma

64 3623 142 3664 Lm
158 3586 250 3670 solet,
273 3587 428 3672 religione
449 3587 488 3652 ad
508 3589 653 3671 ipsorum
673 3590 817 3656 codicum
841 3590 936 3655 fidem
960 3592 1165 3657 conformato
1187 3592 1220 3656 fe<

158 3714 272 3776 operae
296 3693 435 3775 pretium
460 3694 596 3761 videare.
641 3696 815 3763 Praeterea
838 3698 943 3764 fateor
965 3700 1112 3786 ingenita
1134 3698 1218 3764 indol

157 3799 301 3863 animum
326 3821 433 3863 meum
457 3800 540 3883 duci,
565 3807 600 3866 ut
623 3803 732 3886 paullo
753 3803 900 3869 uberiore
919 3807 1159 3871 commentandi
1178 3826 1220 3890 gei

157 3928 254 3989 quam
279 3927 342 3990 quo
366 3929 448 3990 opus
471 3907 591 3972 habere
616 3910 784 3994 peritiores
809 3910 992 3993 videantur,
1021 3912 1150 3977 illorum
1173 3918 1220 3996 pol

157 4035 246 4077 mum
274 4012 385 4078 usibus
413 4016 593 4099 consulem,
627 4016 682 4101 qui
711 4039 781 4081 sese
810 4018 932 4101 fingere
961 4018 1001 4081 ad
1029 4018 1114 4083 hanc
1142 4025 1220 4084 arten

158 4119 361 4203 disciplinam
390 4122 532 4205 cupiunt.
577 4124 682 4209 Igitur
710 4146 792 4207 quae
821 4128 854 4188 et
886 4124 996 4208 qualia
1027 4125 1108 4189 vitia
1138 4147 1204 4190 cum

158 4232 338 4310 traxerunt,
366 4229 494 4292 sublata
521 4250 559 4292 ca
587 4230 620 4292 in
643 4229 685 4312 B,
713 4234 783 4293 tum
807 4229 840 4292 B
869 4230 918 4293 vol
948 4230 1037 4294 solus
1065 4230 1116 4294 vel
1144 4253 1210 4295 cum

158 4333 259 4397 traxit
286 4333 415 4397 sublata
442 4333 475 4396 in
504 4335 549 4412 A,
577 4339 646 4400 tum
676 4336 739 4399 sibi
767 4336 900 4420 propria
923 4336 954 4400 A
978 4336 1078 4401 habet
1100 4358 1164 4402 non
1184 4357 1218 4424 pr

159 4442 236 4524 gata
263 4439 297 4503 in
319 4438 353 4503 B
377 4441 427 4506 vel
450 4441 561 4527 BCD,
589 4442 700 4507 eadem
725 4448 758 4508 et
782 4443 900 4508 similia
923 4446 1079 4509 nostrone
1101 4443 1169 4510 iure
1190 4463 1220 4505 er
