2836 5034
479 310 715 359 ussainmcna
740 311 864 357 anons.
1177 296 1265 383 677,

134 461 206 519 rtem
229 476 381 539 quaerere
405 454 491 538 licet,
515 454 591 538 quid
616 455 658 518 sit
680 476 737 519 cur
759 476 824 519 non
848 454 957 519 eadem
983 455 1092 538 parari
1112 455 1153 518 ab
1172 455 1241 518 uni-

134 561 309 626 emitatibus
332 561 400 645 pari
426 583 575 626 successu
598 563 779 646 potuerint,
807 562 997 646 praesertim
1028 582 1101 625 cum
1126 582 1164 624 ex
1187 560 1240 625 his

134 669 237 732 tiliees
260 690 335 745 suos
359 671 393 732 et
415 669 543 732 lictores
568 668 642 733 illos
667 669 758 752 ipsae
782 667 973 751 academiae,
997 667 1044 732 uti
1069 671 1143 732 ante
1161 666 1241 730 dixi·
1300 750 1305 758 Ι

135 798 180 859 ns,
206 775 361 840 asciscere
386 775 624 840 consueverint:
656 775 752 840 modo
782 776 812 839 in
837 775 967 838 illarum
996 773 1093 839 iidem
1121 774 1176 857 qui
1205 775 1239 838 in

134 905 211 947 rrum
246 881 486 947 lucubrationes
519 886 666 967 sumptus
699 882 831 966 publiea
863 881 1084 947 munificentia
1115 881 1238 965 impen-

134 992 222 1054 untur.

187 1094 318 1160 Habent
341 1095 434 1179 haee,
466 1117 547 1180 quae
571 1095 676 1161 adhuc
700 1096 952 1180 disputavimus,
983 1096 1067 1160 hanc
1092 1095 1169 1179 vim,
1202 1100 1239 1159 ut

134 1226 168 1266 ae
189 1202 268 1267 utile
292 1201 530 1267 academiarum
554 1203 750 1286 institutum,
774 1225 837 1266 non
856 1224 927 1266 esse
946 1201 1164 1266 necessarium
1187 1200 1238 1265 de·

136 1315 310 1374 unstratum
340 1309 399 1393 sit,
427 1313 599 1393 propterea
622 1310 707 1394 quod
733 1309 868 1374 eandem
893 1331 1026 1393 prorsus
1050 1309 1238 1391 utilitatem,

134 1417 335 1481 ;litterarum
358 1417 504 1500 ipsarum
528 1416 707 1481 commodis
731 1416 933 1499 consulatur,
964 1417 1085 1481 habere
1108 1415 1234 1479 univer-

134 1525 207 1587 tates
232 1529 266 1588 et
290 1523 360 1587 sine
379 1523 577 1607 sumptuosis
598 1522 836 1588 academiarum
856 1522 1049 1606 ambagibus
1069 1526 1236 1605 praestare

134 1630 228 1695 >saint
273 1629 369 1694 Nune
398 1634 508 1694 autem
537 1629 666 1714 longius
696 1628 966 1714 progrediendum
995 1633 1046 1693 est
1069 1632 1103 1693 et
1124 1629 1236 1712 firmis,

134 1736 245 1801 vnobis
270 1735 409 1819 videtur,
438 1736 640 1820 argumentis
664 1736 881 1821 probandum,
910 1736 1055 1801 utiliores
1080 1736 1178 1801 etiarn
1202 1737 1235 1800 in

134 1843 226 1907 indens
255 1846 382 1927 partem
411 1846 509 1927 atque
537 1843 772 1908 fructuosiores
803 1843 976 1908 academiis
1006 1844 1234 1908 universitates

135 1951 216 2013 turas
245 1971 329 2032 esse,
364 1950 483 2034 quippe
511 1971 609 2033 penes
638 1973 718 2033 quas
745 1972 810 2014 non
839 1949 900 2015 flos
928 1954 962 2014 et
985 1950 1084 2014 robur
1107 1952 1234 2014 tantum

134 2058 288 2137 terarum,
320 2056 404 2140 qnod
438 2060 535 2120 autea
568 2055 855 2138 contendebamus,
888 2055 942 2120 sed
977 2057 1165 2139 earundem,
1198 2062 1235 2121 ut

134 2162 191 2226 nbc
213 2163 426 2246 complectar,
450 2166 616 2246 tamquam
641 2162 689 2225 vis
714 2161 826 2225 vitalis
850 2163 903 2228 sit
949 2162 1102 2228 Cernitur
1125 2167 1233 2229 autem

134 2288 173 2334 lec
193 2269 283 2334 nulla
307 2268 372 2333 alia
395 2269 428 2332 in
453 2290 496 2352 re,
520 2268 584 2332 nisi
604 2267 689 2351 quod
709 2268 742 2331 in
762 2268 1030 2334 universitatibus
1050 2270 1231 2335 litterarum

134 2376 244 2440 rotatio
269 2381 395 2441 etcum
421 2376 504 2440 vitae
530 2375 640 2439 usibus
665 2381 697 2439 et
721 2397 793 2439 cum
817 2374 1031 2440 adolescentis
1056 2377 1232 2442 iuventutis

134 2483 314 2547 ›amunione
338 2483 434 2568 longe
459 2482 672 2546 saluberrimo
697 2482 823 2547 vlnculo
847 2482 1046 2565 continetur,
1074 2484 1232 2567 uelitibus

135 2589 281 2670 ogissime
315 2589 489 2653 abliorrere
522 2588 756 2653 academiarum
792 2589 995 2672 magnificam
1025 2589 1231 2655 solitudinem

134 2701 226 2761 astat.
273 2696 347 2760 Non
371 2720 426 2760 eos
451 2697 522 2761 dico
548 2697 632 2760 vitae
657 2720 747 2780 usus,
778 2699 832 2781 qui
856 2697 932 2760 (lum
956 2696 996 2760 ad
1021 2698 1231 2780 upiliciorurn,

135 2803 357 2867 mmerciorum
381 2803 645 2887 negotiorumque
669 2803 839 2867 commoda
858 2807 1016 2886 spectant,
1039 2805 1072 2868 in
1095 2809 1230 2887 quaestu

134 2928 243 2993 eroque
276 2910 405 2992 privato
436 2914 605 2974 versantur
635 2910 731 2994 inque
761 2910 910 2974 lrurnauis
941 2910 1091 2974 sordibus
1122 2910 1229 2994 ipsum

136 3037 184 3079 em
213 3016 372 3081 bonorum
400 3021 570 3100 cluserunt:
603 3016 659 3080 sed
689 3017 727 3080 (le
755 3016 795 3080 iis
823 3017 946 3100 cogito,
978 3019 1032 3101 qni
1057 3017 1095 3080 aul
1121 3040 1228 3081 veram

134 3121 230 3187 lntem
254 3123 398 3187 civitatis
422 3124 604 3206 diriguntur
627 3123 786 3206 huiusque
811 3123 975 3206 sapienter
998 3123 1169 3205 curandae,
1194 3123 1229 3186 li-

134 3229 243 3294 raliter
279 3230 568 3313 administrandae,
601 3229 730 3294 fortiter
767 3229 977 3293 vindicandae
1014 3226 1161 3294 auctores
1198 3236 1230 3295 et

134 3336 249 3419 stodes,
273 3337 474 3420 virtutisque,
499 3336 690 3419 honestatis,
714 3337 871 3418 veritatis,
894 3336 1117 3420 humanitatis,
1139 3338 1229 3400 iusti-

134 3466 150 3508 e
180 3465 272 3507 acres
300 3448 557 3528 propugnatores
586 3445 753 3527 el'fingunt.
799 3441 871 3507 Huc
900 3446 1008 3507 autem
1037 3448 1073 3507 ut
1101 3443 1229 3508 litterae

136 3556 231 3632 eant,
259 3572 324 3613 nou
353 3552 473 3634 poterit
503 3572 656 3634 umquam
680 3549 741 3613 nisi
764 3549 951 3613 consociata
974 3571 1047 3614 eum
1072 3547 1227 3612 meditan-

134 3661 218 3722 met
237 3658 524 3722 commentantium
544 3657 691 3739 personis
710 3677 867 3740 generosa
886 3655 1092 3739 discendique
1111 3655 1229 3738 cupida

134 3766 253 3827 entute
277 3763 373 3827 effici:
398 3764 486 3828 cuius
511 3763 622 3847 vigore
648 3767 680 3825 et
698 3763 899 3846 ingenuitate
918 3767 1048 3844 certam,
1071 3763 1111 3826 ad
1130 3786 1227 3846 quarn

138 3868 274 3953 dirigat,
297 3892 442 3934 normam
467 3874 564 3934 nacta
588 3870 762 3932 revirescat
785 3891 912 3950 semper
936 3873 1158 3953 recreeturque
1181 3870 1227 3932 t'a·

134 3998 143 4040 r
168 3997 343 4040 canescens
367 3975 522 4041 doctrina.

171 4080 259 4157 Quid
286 4084 417 4146 antem?
454 4104 560 4145 nonne
589 4082 620 4145 id
649 4082 753 4164 ipsum
783 4082 889 4164 questi
918 4103 1028 4144 sumus
1057 4082 1097 4144 ab
1122 4081 1227 4164 initio,

134 4189 167 4254 >d
200 4189 298 4253 nimis
328 4189 411 4253 inter
442 4212 476 4253 se
507 4189 686 4253 dissideant
716 4189 844 4253 litteras
874 4187 1008 4252 docendi
1032 4186 1225 4271 easdemque
1240 4209 1275 4248 rx

134 4295 250 4360 alendi
277 4317 424 4378 munera,
453 4317 550 4379 quam
578 4318 660 4380 (puae
689 4296 759 4358 sine
787 4295 932 4379 ipsarum
961 4293 1152 4358 detrimento
1180 4294 1227 4358 ni·

134 4423 215 4488 >que
234 4401 285 4466 vel
304 4401 488 4468 docentium
508 4402 559 4466 vel
578 4401 790 4466 scribentium
809 4400 1040 4486 impedimento
1060 4399 1227 4464 commode
