2836 5034
486 331 719 381 narmmscna
742 331 870 380 annus.
1183 313 1245 378 641

132 493 232 537 rvore
259 473 486 556 amplectenda
512 480 662 558 paratum
686 475 851 559 ingenium
875 473 1164 558 Francogallorum
1189 478 1248 556 est,

132 579 283 645 arissimo
308 580 408 647 misso
432 581 628 666 philosopho
651 587 837 647 nostrarum
855 580 967 646 laudes
987 581 1169 645 scholarum
1189 580 1247 644 ali-

132 690 187 750 iot
216 687 333 752 abhinc
366 689 460 753 annis
492 690 757 754 testificatorum:
794 688 986 754 documento
1016 692 1066 752 est
1093 687 1248 753 diuturno

132 793 330 878 psrgefacta
359 794 514 881 languore
547 797 620 881 ipsa
652 796 771 861 nobilis
799 816 877 880 gens
906 795 1151 878 Britannorum,
1184 794 1249 858 sibi

132 899 177 965 la
200 900 341 986 placere,
375 902 435 967 soli
466 903 528 967 sibi
556 903 709 987 plaudere
737 926 795 986 per
822 903 963 987 plurima
991 902 1119 966 saecula
1142 902 1247 985 solita,

132 1005 157 1069 d
184 1009 232 1072 cui
255 1031 367 1095 nuper,
390 1014 428 1074 ut
445 1010 636 1093 accepimus,
660 1010 706 1074 rei
726 1009 939 1074 scholasticae
959 1030 1037 1074 suae
1054 1008 1161 1073 labem
1180 1030 1246 1073 nou
1262 1033 1295 1073 vr

132 1112 188 1179 ius
205 1115 268 1180 nisi
283 1114 477 1181 Borussicae
496 1116 687 1201 disciplinae
701 1116 901 1200 comparatio
920 1116 1112 1200 persuadere
1132 1117 1247 1200 coepit.

133 1241 194 1286 aec
215 1223 318 1308 igitur
340 1228 434 1288 tanta
457 1224 614 1289 beneficia
637 1223 843 1288 cui-tandem
867 1227 998 1307 accepta
1020 1222 1121 1288 refert
1138 1244 1246 1307 respu-

132 1325 193 1392 lica
205 1329 266 1394 nisi
281 1329 363 1416 Regi
379 1329 511 1413 Optimo
527 1329 723 1396 Famumco
738 1330 928 1397 Gnmnnmo
943 1328 992 1394 Ill
1015 1335 1057 1414 et,
1081 1329 1172 1394 cuius
1187 1329 1247 1393 Ille

132 1435 248 1499 >nuliis
273 1440 348 1519 post
370 1436 601 1502 immortaliter
623 1438 774 1503 meritum
798 1437 836 1501 de
860 1437 955 1502 bonis
979 1437 1106 1502 artibus
1125 1435 1246 1501 Guilel-

132 1560 193 1605 mm
211 1542 252 1607 ab
267 1541 451 1608 Humboldt
473 1567 532 1628 per
551 1545 708 1629 plurimos
731 1567 834 1610 anuos
858 1567 935 1610 usus
959 1548 1018 1629 est,
1041 1541 1187 1609 Canobo
1202 1562 1246 1607 an

132 1651 352 1716 nmmum?
376 1650 437 1728 Qui
459 1652 535 1735 quid
555 1651 672 1736 quibus
692 1653 753 1717 viis
772 1674 809 1716 ac
829 1651 930 1735 copiis
954 1651 1132 1716 instituerit
1155 1672 1246 1734 prae·

132 1753 305 1842 titeritque,
337 1779 395 1823 nec
418 1759 492 1823 volo
520 1781 605 1823 nunc
632 1780 693 1824 nec
714 1781 845 1842 possum
871 1758 1063 1844 singillatim
1086 1758 1247 1843 persequi:

132 1881 167 1927 ec
186 1865 331 1951 indigere
354 1865 416 1931 hoc
439 1866 589 1932 uberiore
613 1867 827 1951 explicatione
851 1866 994 1951 videtur,
1017 1865 1137 1951 quippe
1160 1864 1246 1950 quod

132 1989 140 2030 Ι
168 1974 275 2037 oculos
305 1973 399 2056 quasi
427 1996 487 2037 sua
515 1978 630 2057 sponte
659 1974 826 2038 incurrens
856 1973 1035 2037 multorum
1065 1971 1247 2056 praeconiis

132 2078 324 2144 medicatum
349 2080 392 2143 sit
415 2079 639 2163 multifariam,
663 2078 741 2145 adeo
765 2084 802 2144 ut
825 2079 912 2144 illius
932 2080 1060 2163 quidem
1080 2082 1246 2163 praestan·

132 2203 170 2248 ae
199 2186 365 2269 persuasio
399 2186 450 2250 vel
483 2208 594 2251 eorum
628 2187 793 2250 mentibus
826 2185 996 2269 paullatim
1032 2185 1245 2267 inhaerescat,

132 2289 161 2353 ui
189 2296 244 2357 aut
273 2297 408 2358 naturae
440 2293 520 2357 vitio
553 2292 735 2358 hebetiores
766 2295 806 2358 ed
836 2292 1045 2358 iudicandum
1076 2296 1133 2357 aut
1161 2293 1246 2356 vitae

132 2399 290 2465 audicione
319 2400 360 2464 ab
389 2399 586 2484 optimorum
611 2400 792 2465 studiorum
815 2400 1011 2465 tractatione
1036 2399 1136 2463 alieni
1159 2402 1245 2463 sunt.

132 2500 227 2576 hodsi
256 2528 321 2571 non
344 2505 434 2590 quid,
467 2507 522 2570 ssd
547 2528 609 2591 quo
634 2506 714 2571 illud
738 2507 848 2572 animo
872 2510 968 2590 atque
992 2506 1128 2570 consilio
1152 2504 1245 2569 insti-

132 2611 217 2696 uerit,
248 2613 446 2697 quaerimus,
479 2613 511 2677 id
539 2611 634 2677 facile
664 2612 882 2695 intellegimus
911 2633 981 2676 esse
1006 2612 1176 2694 eiusmodi,
1210 2616 1246 2676 ut

132 2720 189 2779 ere
215 2723 417 2802 perspectum
447 2720 482 2783 in
510 2720 613 2783 multo
643 2720 798 2783 maiorem
824 2717 894 2782 Viri
923 2719 1118 2784 immortalis
1149 2719 1245 2782 admi·

132 2823 260 2889 ationem
294 2827 415 2910 rapiat,
448 2827 625 2911 gratiarum
661 2828 822 2891 actionem
853 2831 889 2891 ut
920 2826 1022 2890 multo
1054 2826 1244 2910 ampliorem

132 2932 254 3004 >ustulat
299 2931 448 3016 Namque
477 2935 596 2998 artium
627 2935 872 3017 litterarumque
901 2955 1011 2997 curam
1035 2955 1107 2997 cum
1132 2933 1243 2997 Alten·

132 3032 253 3102 teinium
278 3039 389 3103 dixero
418 3041 545 3104 animo
575 3062 662 3105 vere
691 3041 799 3124 regio
829 3040 1022 3123 suscepisse,
1047 3040 1092 3103 sic
1116 3039 1244 3103 demum

132 3154 173 3201 1¹10
205 3150 336 3210 cunctas
375 3151 484 3230 partes
521 3148 651 3211 nomine
689 3151 775 3211 recte
807 3145 1089 3230 comprehendisse
1128 3144 1244 3211 videor.

132 3234 254 3314 inimum
278 3256 388 3316 autem
413 3274 486 3316 vere
510 3253 635 3336 regium
660 3275 733 3317 eum
758 3253 838 3333 dico,
863 3254 918 3337 qui
938 3276 958 3316 a
976 3253 1094 3336 triplici
1114 3253 1244 3336 potissi·

132 3361 195 3417 num
216 3357 452 3441 uituperatione
477 3359 560 3423 liber
583 3360 643 3442 sit,
674 3383 810 3444 quarum
839 3382 903 3424 una
927 3361 1010 3424 solet
1031 3360 1082 3422 vel
1107 3360 1140 3422 in
1164 3360 1244 3423 ccle-

132 3461 260 3529 ammos
284 3466 442 3530 bonarum
462 3467 578 3530 artium
599 3466 745 3531 fautores
765 3467 883 3530 illustri
903 3467 935 3529 in
956 3467 1027 3530 loco
1047 3467 1244 3531 constitutos

132 3557 223 3636 idere.
263 3572 389 3637 Horum
415 3573 500 3636 enim
524 3575 779 3657 quotusquisque
804 3577 862 3651 est,
886 3574 962 3656 quin
986 3572 1025 3636 de
1050 3573 1170 3636 artium
1195 3574 1245 3636 lit·

132 3677 306 3763 lfarumque
338 3678 547 3742 incrementis
579 3679 739 3743 sollicitus
770 3701 829 3743 suo
859 3679 964 3762 magis
993 3679 1117 3743 nomini
1147 3702 1244 3764 quam

132 3783 247 3849 lQuum
270 3784 383 3867 saluti,
406 3807 504 3870 quam
529 3785 723 3868 reipublicae
748 3785 883 3849 utilitati
907 3784 1076 3849 consulere
1100 3785 1244 3849 animum

132 3873 277 3974 *duxerin
309 3890 387 3974 quin
415 3891 645 3955 beneficiorum
673 3891 750 3955 illuc
779 3892 970 3955 collatorum
1000 3892 1026 3954 si
1056 3913 1119 3955 non
1143 3893 1243 3955 maxi·
1332 3928 1337 3938 ·

132 4000 199 4079 lam,
216 4000 301 4062 certe
320 4020 386 4062 non
406 3997 572 4061 minimam
594 4002 720 4080 partem
740 3997 779 4061 ad
800 4021 892 4062 suam
912 3998 1021 4081 potius
1040 3998 1092 4061 vel
1116 3997 1242 4062 laudem

132 4088 156 4157 ἒ]
180 4104 378 4188 voluptatem
410 4105 586 4186 rettulerit,
624 4106 715 4188 quin,
744 4112 780 4169 ut
806 4105 947 4170 breviter
974 4105 1093 4187 (licam,
1124 4105 1240 4169 artium
1257 4141 1302 4179 γη

132 4195 346 4293 tusamque
376 4214 532 4294 patronus
557 4210 606 4274 vel
631 4210 743 4273 haberi
768 4211 1012 4293 ostentationis,
1045 4212 1095 4276 vel
1119 4213 1242 4276 externi

132 4305 281 4381 ‘lendoris
313 4337 429 4381 caussa
459 4337 528 4380 esse
560 4317 721 4380 voluerit?
768 4314 850 4380 Cum
884 4340 947 4401 qua
975 4319 1186 4401 perversitate
1215 4319 1241 4382 si

132 4414 152 4485 tl
175 4443 364 4507 comparare
387 4427 553 4507 tamqnam
578 4422 769 4505 longissimo
793 4423 964 4488 intervallo
989 4424 1161 4489 distantem
1188 4425 1242 4488 Al·

150 4545 192 4580 n.
212 4543 362 4579 monnau
382 4544 518 4580 orsaorsa
538 4545 562 4578 v.
995 4534 1027 4580 41
