<?xml version="1.0" encoding="UTF-8"?>
<!DOCTYPE html PUBLIC "-//W3C//DTD XHTML 1.0 Transitional//EN"
    "http://www.w3.org/TR/xhtml1/DTD/xhtml1-transitional.dtd">
<html xmlns="http://www.w3.org/1999/xhtml" xml:lang="en" lang="en">
 <head>
  <title>
</title>
<meta http-equiv="Content-Type" content="text/html;charset=utf-8" />
  <meta name='ocr-system' content='tesseract 3.04.00' />
  <meta name='ocr-capabilities' content='ocr_page ocr_carea ocr_par ocr_line ocrx_word'/>
</head>
<body>
  <div class='ocr_page' id='page_1' title='image "./fridericiritsch00ritsgoog_0576.png"; bbox 0 0 2886 5032; ppageno 0'>
   <div class='ocr_carea' id='block_1_1' title="bbox 169 315 1028 382">
    <p class='ocr_par' dir='ltr' id='par_1_1' title="bbox 169 315 1028 382">
     <span class='ocr_line' id='line_1_1' title="bbox 169 315 1028 382; baseline 0.002 -3"><span class='ocrx_word' id='word_1_1' title='bbox 169 315 235 379; x_wconf 78' lang='lat'>554</span> <span class='ocrx_word' id='word_1_2' title='bbox 458 332 530 380; x_wconf 87' lang='lat' dir='ltr'>nvo</span> <span class='ocrx_word' id='word_1_3' title='bbox 553 331 817 380; x_wconf 75' lang='lat' dir='ltr'><strong>PROGRAMMATA</strong></span> <span class='ocrx_word' id='word_1_4' title='bbox 840 332 1028 382; x_wconf 76' lang='lat' dir='ltr'>rasurum.</span> 
     </span>
    </p>
   </div>
   <div class='ocr_carea' id='block_1_2' title="bbox 169 475 1323 1097">
    <p class='ocr_par' dir='ltr' id='par_1_2' title="bbox 169 475 1323 1097">
     <span class='ocr_line' id='line_1_2' title="bbox 169 475 1321 561; baseline -0.001 -20"><span class='ocrx_word' id='word_1_5' title='bbox 169 480 206 541; x_wconf 91' lang='lat' dir='ltr'>ut</span> <span class='ocrx_word' id='word_1_6' title='bbox 233 477 332 541; x_wconf 82' lang='lat' dir='ltr'>vestri</span> <span class='ocrx_word' id='word_1_7' title='bbox 359 476 467 540; x_wconf 90' lang='lat' dir='ltr'>iudicii</span> <span class='ocrx_word' id='word_1_8' title='bbox 497 475 664 540; x_wconf 80' lang='lat' dir='ltr'>exercendi</span> <span class='ocrx_word' id='word_1_9' title='bbox 692 477 817 560; x_wconf 91' lang='lat' dir='ltr'>copiam</span> <span class='ocrx_word' id='word_1_10' title='bbox 847 480 997 561; x_wconf 89' lang='lat' dir='ltr'>paratam</span> <span class='ocrx_word' id='word_1_11' title='bbox 1026 476 1187 543; x_wconf 87' lang='lat' dir='ltr'>habeatis.</span> <span class='ocrx_word' id='word_1_12' title='bbox 1238 477 1321 552; x_wconf 82' lang='lat' dir='ltr'>Quid</span> 
     </span>
     <span class='ocr_line' id='line_1_3' title="bbox 170 581 1322 669; baseline 0.001 -21"><span class='ocrx_word' id='word_1_13' title='bbox 170 583 255 648; x_wconf 88' lang='lat' dir='ltr'>enim</span> <span class='ocrx_word' id='word_1_14' title='bbox 281 583 332 666; x_wconf 90' lang='lat' dir='ltr'>sit,</span> <span class='ocrx_word' id='word_1_15' title='bbox 356 605 413 646; x_wconf 90' lang='lat' dir='ltr'>cur</span> <span class='ocrx_word' id='word_1_16' title='bbox 435 583 496 647; x_wconf 92' lang='lat' dir='ltr'>hoe</span> <span class='ocrx_word' id='word_1_17' title='bbox 520 581 727 666; x_wconf 89' lang='lat' dir='ltr'>potissimum</span> <span class='ocrx_word' id='word_1_18' title='bbox 751 587 896 668; x_wconf 89' lang='lat' dir='ltr'>tempore</span> <span class='ocrx_word' id='word_1_19' title='bbox 915 606 1034 669; x_wconf 78' lang='lat' dir='ltr'>operae</span> <span class='ocrx_word' id='word_1_20' title='bbox 1053 605 1231 668; x_wconf 90' lang='lat' dir='ltr'>parcamus</span> <span class='ocrx_word' id='word_1_21' title='bbox 1255 585 1322 649; x_wconf 91' lang='lat' dir='ltr'>bre·</span> 
     </span>
     <span class='ocr_line' id='line_1_4' title="bbox 170 689 1322 774; baseline 0.001 -20"><span class='ocrx_word' id='word_1_22' title='bbox 170 689 329 774; x_wconf 87' lang='lat' dir='ltr'>vitatique</span> <span class='ocrx_word' id='word_1_23' title='bbox 353 689 540 755; x_wconf 79' lang='lat' dir='ltr'><strong>studeamus</strong></span> <span class='ocrx_word' id='word_1_24' title='bbox 563 691 690 772; x_wconf 88' lang='lat' dir='ltr'>praeter</span> <span class='ocrx_word' id='word_1_25' title='bbox 713 693 835 774; x_wconf 89' lang='lat' dir='ltr'>cetera,</span> <span class='ocrx_word' id='word_1_26' title='bbox 865 690 946 756; x_wconf 89' lang='lat' dir='ltr'>satis</span> <span class='ocrx_word' id='word_1_27' title='bbox 975 692 1146 756; x_wconf 85' lang='lat' dir='ltr'>intervos</span> <span class='ocrx_word' id='word_1_28' title='bbox 1170 696 1322 757; x_wconf 77' lang='lat' dir='ltr'>constare</span> 
     </span>
     <span class='ocr_line' id='line_1_5' title="bbox 170 794 1322 883; baseline 0.001 -22"><span class='ocrx_word' id='word_1_29' title='bbox 170 801 331 881; x_wconf 88' lang='lat' dir='ltr'>putamus.</span> <span class='ocrx_word' id='word_1_30' title='bbox 387 794 575 880; x_wconf 79' lang='lat' dir='ltr'>Delegimus</span> <span class='ocrx_word' id='word_1_31' title='bbox 608 795 710 880; x_wconf 84' lang='lat' dir='ltr'>igitur</span> <span class='ocrx_word' id='word_1_32' title='bbox 743 796 903 861; x_wconf 84' lang='lat' dir='ltr'>canticum</span> <span class='ocrx_word' id='word_1_33' title='bbox 935 796 1017 862; x_wconf 91' lang='lat' dir='ltr'>illud</span> <span class='ocrx_word' id='word_1_34' title='bbox 1049 821 1069 862; x_wconf 91' lang='lat' dir='ltr'>a</span> <span class='ocrx_word' id='word_1_35' title='bbox 1103 820 1170 883; x_wconf 92' lang='lat' dir='ltr'>quo</span> <span class='ocrx_word' id='word_1_36' title='bbox 1206 821 1322 864; x_wconf 83' lang='lat' dir='ltr'>scaena</span> 
     </span>
     <span class='ocr_line' id='line_1_6' title="bbox 171 900 1321 989; baseline 0.001 -22"><span class='ocrx_word' id='word_1_37' title='bbox 171 904 276 968; x_wconf 86' lang='lat' dir='ltr'>altera</span> <span class='ocrx_word' id='word_1_38' title='bbox 298 901 459 968; x_wconf 73' lang='lat' dir='ltr'>Possnvul</span> <span class='ocrx_word' id='word_1_39' title='bbox 483 900 610 985; x_wconf 77' lang='lat' dir='ltr'>incipit:</span> <span class='ocrx_word' id='word_1_40' title='bbox 639 903 729 966; x_wconf 92' lang='lat' dir='ltr'>cuius</span> <span class='ocrx_word' id='word_1_41' title='bbox 753 902 816 985; x_wconf 92' lang='lat' dir='ltr'>ipsi</span> <span class='ocrx_word' id='word_1_42' title='bbox 840 902 988 969; x_wconf 85' lang='lat' dir='ltr'>videritis</span> <span class='ocrx_word' id='word_1_43' title='bbox 1011 927 1091 969; x_wconf 91' lang='lat' dir='ltr'>num</span> <span class='ocrx_word' id='word_1_44' title='bbox 1116 905 1201 970; x_wconf 90' lang='lat' dir='ltr'>haec</span> <span class='ocrx_word' id='word_1_45' title='bbox 1227 928 1321 989; x_wconf 81' lang='lat' dir='ltr'>quam</span> 
     </span>
     <span class='ocr_line' id='line_1_7' title="bbox 170 1008 1323 1097; baseline 0.001 -23"><span class='ocrx_word' id='word_1_46' title='bbox 170 1010 256 1074; x_wconf 86' lang='lat' dir='ltr'>infra</span> <span class='ocrx_word' id='word_1_47' title='bbox 286 1010 453 1093; x_wconf 85' lang='lat' dir='ltr'>posuimus</span> <span class='ocrx_word' id='word_1_48' title='bbox 485 1008 607 1094; x_wconf 89' lang='lat' dir='ltr'>species</span> <span class='ocrx_word' id='word_1_49' title='bbox 639 1030 697 1073; x_wconf 90' lang='lat' dir='ltr'>nec</span> <span class='ocrx_word' id='word_1_50' title='bbox 728 1008 896 1074; x_wconf 91' lang='lat' dir='ltr'>dissimilis</span> <span class='ocrx_word' id='word_1_51' title='bbox 927 1010 995 1076; x_wconf 85' lang='lat' dir='ltr'>veri</span> <span class='ocrx_word' id='word_1_52' title='bbox 1025 1010 1070 1076; x_wconf 90' lang='lat' dir='ltr'>sit</span> <span class='ocrx_word' id='word_1_53' title='bbox 1096 1032 1159 1077; x_wconf 89' lang='lat' dir='ltr'>nec</span> <span class='ocrx_word' id='word_1_54' title='bbox 1189 1011 1323 1097; x_wconf 83' lang='lat' dir='ltr'>indigna</span> 
     </span>
    </p>
   </div>
   <div class='ocr_carea' id='block_1_3' title="bbox 171 1116 296 1180">
    <p class='ocr_par' dir='ltr' id='par_1_3' title="bbox 171 1116 296 1180">
     <span class='ocr_line' id='line_1_8' title="bbox 171 1116 296 1180; baseline 0 0"><span class='ocrx_word' id='word_1_55' title='bbox 171 1116 296 1180; x_wconf 82' lang='lat' dir='ltr'>Planta.</span> 
     </span>
    </p>
   </div>
   <div class='ocr_carea' id='block_1_4' title="bbox 215 1295 1320 2468">
    <p class='ocr_par' dir='ltr' id='par_1_4' title="bbox 215 1295 1320 2468">
     <span class='ocr_line' id='line_1_9' title="bbox 611 1295 879 1360; baseline 0.004 -1"><span class='ocrx_word' id='word_1_56' title='bbox 611 1295 879 1360; x_wconf 78' lang='lat' dir='ltr'>Anuurnssrvn.</span> 
     </span>
     <span class='ocr_line' id='line_1_10' title="bbox 217 1417 853 1505; baseline 0 -20"><span class='ocrx_word' id='word_1_57' title='bbox 217 1420 337 1505; x_wconf 76' lang='lat' dir='ltr'>Negoti</span> <span class='ocrx_word' id='word_1_58' title='bbox 362 1417 426 1484; x_wconf 79' lang='lat' dir='ltr'>sibi</span> <span class='ocrx_word' id='word_1_59' title='bbox 447 1420 503 1504; x_wconf 89' lang='lat' dir='ltr'>qui</span> <span class='ocrx_word' id='word_1_60' title='bbox 525 1420 614 1483; x_wconf 77' lang='lat' dir='ltr'>uolet</span> <span class='ocrx_word' id='word_1_61' title='bbox 637 1420 704 1484; x_wconf 89' lang='lat' dir='ltr'>uim</span> <span class='ocrx_word' id='word_1_62' title='bbox 728 1421 853 1505; x_wconf 72' lang='lat' dir='ltr'>partire,</span> 
     </span>
     <span class='ocr_line' id='line_1_11' title="bbox 215 1525 1088 1612; baseline 0.001 -19"><span class='ocrx_word' id='word_1_63' title='bbox 215 1528 342 1593; x_wconf 88' lang='lat' dir='ltr'>Nauem</span> <span class='ocrx_word' id='word_1_64' title='bbox 366 1528 399 1590; x_wconf 73' lang='lat' dir='ltr'>et</span> <span class='ocrx_word' id='word_1_65' title='bbox 421 1526 588 1590; x_wconf 89' lang='lat' dir='ltr'>mulierem</span> <span class='ocrx_word' id='word_1_66' title='bbox 613 1525 694 1591; x_wconf 79' lang='lat' dir='ltr'>hoec</span> <span class='ocrx_word' id='word_1_67' title='bbox 717 1527 779 1591; x_wconf 93' lang='lat' dir='ltr'>duo</span> <span class='ocrx_word' id='word_1_68' title='bbox 803 1525 870 1591; x_wconf 84' lang='lat' dir='ltr'>sibi</span> <span class='ocrx_word' id='word_1_69' title='bbox 890 1530 1088 1612; x_wconf 72' lang='lat' dir='ltr'>comparato.</span> 
     </span>
     <span class='ocr_line' id='line_1_12' title="bbox 215 1631 972 1718; baseline 0.001 -20"><span class='ocrx_word' id='word_1_70' title='bbox 215 1633 301 1698; x_wconf 88' lang='lat' dir='ltr'>Nam</span> <span class='ocrx_word' id='word_1_71' title='bbox 324 1633 433 1698; x_wconf 83' lang='lat' dir='ltr'>millae</span> <span class='ocrx_word' id='word_1_72' title='bbox 457 1631 563 1717; x_wconf 84' lang='lat' dir='ltr'>magis</span> <span class='ocrx_word' id='word_1_73' title='bbox 586 1654 637 1697; x_wconf 91' lang='lat' dir='ltr'>res</span> <span class='ocrx_word' id='word_1_74' title='bbox 662 1634 743 1698; x_wconf 76' lang='lat' dir='ltr'>duae</span> <span class='ocrx_word' id='word_1_75' title='bbox 766 1634 838 1717; x_wconf 89' lang='lat' dir='ltr'>plus</span> <span class='ocrx_word' id='word_1_76' title='bbox 861 1635 972 1718; x_wconf 77' lang='lat' dir='ltr'>negoti</span> 
     </span>
     <span class='ocr_line' id='line_1_13' title="bbox 216 1737 892 1824; baseline 0 -20"><span class='ocrx_word' id='word_1_77' title='bbox 216 1740 359 1823; x_wconf 75' lang='lat' dir='ltr'>Habent,</span> <span class='ocrx_word' id='word_1_78' title='bbox 383 1739 469 1804; x_wconf 86' lang='lat' dir='ltr'>forte</span> <span class='ocrx_word' id='word_1_79' title='bbox 492 1740 520 1803; x_wconf 93' lang='lat' dir='ltr'>si</span> <span class='ocrx_word' id='word_1_80' title='bbox 544 1737 706 1824; x_wconf 77' lang='lat' dir='ltr'>occeperis</span> <span class='ocrx_word' id='word_1_81' title='bbox 730 1742 892 1823; x_wconf 79' lang='lat' dir='ltr'>exomdre,</span> 
     </span>
     <span class='ocr_line' id='line_1_14' title="bbox 217 1845 1320 1933; baseline 0.002 -22"><span class='ocrx_word' id='word_1_82' title='bbox 217 1846 342 1930; x_wconf 70' lang='lat' dir='ltr'>[Neque</span> <span class='ocrx_word' id='word_1_83' title='bbox 367 1852 520 1931; x_wconf 78' lang='lat' dir='ltr'>umquam</span> <span class='ocrx_word' id='word_1_84' title='bbox 544 1850 596 1911; x_wconf 82' lang='lat' dir='ltr'>sat</span> <span class='ocrx_word' id='word_1_85' title='bbox 618 1845 701 1912; x_wconf 83' lang='lat' dir='ltr'>istae</span> <span class='ocrx_word' id='word_1_86' title='bbox 725 1847 807 1912; x_wconf 88' lang='lat' dir='ltr'>duae&#39;</span> <span class='ocrx_word' id='word_1_87' title='bbox 830 1869 882 1912; x_wconf 87' lang='lat' dir='ltr'>res</span> <span class='ocrx_word' id='word_1_88' title='bbox 906 1850 1087 1933; x_wconf 51' lang='lat' dir='ltr'>omentum]</span> <span class='ocrx_word' id='word_1_89' title='bbox 1275 1872 1320 1918; x_wconf 70' lang='lat' dir='ltr'>err,</span> 
     </span>
     <span class='ocr_line' id='line_1_15' title="bbox 216 1951 995 2039; baseline 0 -20"><span class='ocrx_word' id='word_1_90' title='bbox 216 1954 328 2039; x_wconf 87' lang='lat' dir='ltr'>Neque</span> <span class='ocrx_word' id='word_1_91' title='bbox 351 1952 398 2018; x_wconf 83' lang='lat' dir='ltr'>eis</span> <span class='ocrx_word' id='word_1_92' title='bbox 422 1953 490 2019; x_wconf 90' lang='lat' dir='ltr'>ulla</span> <span class='ocrx_word' id='word_1_93' title='bbox 513 1953 648 2018; x_wconf 81' lang='lat' dir='ltr'>omdndi</span> <span class='ocrx_word' id='word_1_94' title='bbox 672 1951 752 2018; x_wconf 81' lang='lat' dir='ltr'>satis</span> <span class='ocrx_word' id='word_1_95' title='bbox 776 1953 913 2019; x_wconf 71' lang='lat' dir='ltr'>satietis</span> <span class='ocrx_word' id='word_1_96' title='bbox 936 1959 995 2019; x_wconf 88' lang='lat' dir='ltr'>est.</span> 
     </span>
     <span class='ocr_line' id='line_1_16' title="bbox 216 2059 1083 2145; baseline 0.005 -21"><span class='ocrx_word' id='word_1_97' title='bbox 216 2061 324 2144; x_wconf 83' lang='lat' dir='ltr'>Atque</span> <span class='ocrx_word' id='word_1_98' title='bbox 346 2059 427 2125; x_wconf 77' lang='lat' dir='ltr'>haec</span> <span class='ocrx_word' id='word_1_99' title='bbox 451 2064 487 2125; x_wconf 91' lang='lat' dir='ltr'>ut</span> <span class='ocrx_word' id='word_1_100' title='bbox 508 2061 632 2145; x_wconf 75' lang='lat' dir='ltr'>loquor,</span> <span class='ocrx_word' id='word_1_101' title='bbox 654 2082 739 2125; x_wconf 91' lang='lat' dir='ltr'>mmc</span> <span class='ocrx_word' id='word_1_102' title='bbox 763 2060 858 2126; x_wconf 77' lang='lat' dir='ltr'>domo</span> <span class='ocrx_word' id='word_1_103' title='bbox 882 2061 979 2127; x_wconf 90' lang='lat' dir='ltr'>docta</span> <span class='ocrx_word' id='word_1_104' title='bbox 1002 2059 1083 2128; x_wconf 83' lang='lat' dir='ltr'>dico.</span> 
     </span>
     <span class='ocr_line' id='line_1_17' title="bbox 215 2167 1094 2252; baseline 0.003 -19"><span class='ocrx_word' id='word_1_105' title='bbox 215 2167 302 2233; x_wconf 88' lang='lat' dir='ltr'>Nam</span> <span class='ocrx_word' id='word_1_106' title='bbox 325 2170 386 2233; x_wconf 83' lang='lat' dir='ltr'>nds</span> <span class='ocrx_word' id='word_1_107' title='bbox 411 2190 510 2252; x_wconf 90' lang='lat' dir='ltr'>usque</span> <span class='ocrx_word' id='word_1_108' title='bbox 534 2169 575 2233; x_wconf 88' lang='lat' dir='ltr'>ab</span> <span class='ocrx_word' id='word_1_109' title='bbox 599 2173 717 2233; x_wconf 85' lang='lat' dir='ltr'>artrora</span> <span class='ocrx_word' id='word_1_110' title='bbox 739 2168 780 2233; x_wconf 89' lang='lat' dir='ltr'>ad</span> <span class='ocrx_word' id='word_1_111' title='bbox 803 2167 865 2233; x_wconf 81' lang='lat' dir='ltr'>hdo</span> <span class='ocrx_word' id='word_1_112' title='bbox 889 2167 975 2252; x_wconf 91' lang='lat' dir='ltr'>quod</span> <span class='ocrx_word' id='word_1_113' title='bbox 997 2170 1094 2236; x_wconf 77' lang='lat' dir='ltr'>dieist</span> 
     </span>
     <span class='ocr_line' id='line_1_18' title="bbox 216 2272 1034 2358; baseline 0 -18"><span class='ocrx_word' id='word_1_114' title='bbox 216 2275 266 2340; x_wconf 84' lang='lat' dir='ltr'>Ex</span> <span class='ocrx_word' id='word_1_115' title='bbox 290 2272 450 2340; x_wconf 83' lang='lat' dir='ltr'>industria</span> <span class='ocrx_word' id='word_1_116' title='bbox 473 2275 585 2339; x_wconf 79' lang='lat' dir='ltr'>rimbae</span> <span class='ocrx_word' id='word_1_117' title='bbox 608 2275 784 2358; x_wconf 68' lang='lat' dir='ltr'>numquam</span> <span class='ocrx_word' id='word_1_118' title='bbox 808 2276 1034 2341; x_wconf 72' lang='lat' dir='ltr'>concessamus</span> 
     </span>
     <span class='ocr_line' id='line_1_19' title="bbox 216 2383 1319 2468; baseline 0.004 -20"><span class='ocrx_word' id='word_1_119' title='bbox 216 2384 334 2448; x_wconf 74' lang='lat' dir='ltr'>Laudri</span> <span class='ocrx_word' id='word_1_120' title='bbox 358 2389 415 2448; x_wconf 89' lang='lat' dir='ltr'>aut</span> <span class='ocrx_word' id='word_1_121' title='bbox 437 2384 547 2449; x_wconf 70' lang='lat' dir='ltr'>fricari</span> <span class='ocrx_word' id='word_1_122' title='bbox 570 2387 628 2447; x_wconf 89' lang='lat' dir='ltr'>aut</span> <span class='ocrx_word' id='word_1_123' title='bbox 650 2383 770 2466; x_wconf 83' lang='lat' dir='ltr'>terge&#39;ri</span> <span class='ocrx_word' id='word_1_124' title='bbox 793 2387 850 2447; x_wconf 89' lang='lat' dir='ltr'>aut</span> <span class='ocrx_word' id='word_1_125' title='bbox 873 2384 991 2468; x_wconf 71' lang='lat' dir='ltr'>ornari,</span> <span class='ocrx_word' id='word_1_126' title='bbox 1274 2405 1319 2452; x_wconf 77' lang='lat' dir='ltr'>cro</span> 
     </span>
    </p>
   </div>
   <div class='ocr_carea' id='block_1_5' title="bbox 172 2512 384 2519">
    <p class='ocr_par' dir='ltr' id='par_1_5' title="bbox 172 2512 384 2519">
     <span class='ocr_line' id='line_1_20' title="bbox 172 2512 384 2519; baseline 0 -1"><span class='ocrx_word' id='word_1_127' title='bbox 172 2513 217 2519; x_wconf 79' lang='grc'>-,.</span> <span class='ocrx_word' id='word_1_128' title='bbox 233 2512 384 2519; x_wconf 75' lang='grc'>-...-----.</span> 
     </span>
    </p>
   </div>
   <div class='ocr_carea' id='block_1_6' title="bbox 172 2574 1362 3537">
    <p class='ocr_par' dir='ltr' id='par_1_6' title="bbox 172 2574 1362 3537">
     <span class='ocr_line' id='line_1_21' title="bbox 172 2574 1319 2647; baseline 0.001 -14"><span class='ocrx_word' id='word_1_129' title='bbox 172 2578 287 2646; x_wconf 87' lang='lat' dir='ltr'>reliquis</span> <span class='ocrx_word' id='word_1_130' title='bbox 307 2576 443 2645; x_wconf 89' lang='lat' dir='ltr'>omnibus,</span> <span class='ocrx_word' id='word_1_131' title='bbox 463 2575 510 2629; x_wconf 92' lang='lat' dir='ltr'>ubi</span> <span class='ocrx_word' id='word_1_132' title='bbox 527 2574 640 2644; x_wconf 88' lang='lat' dir='ltr'>quidem</span> <span class='ocrx_word' id='word_1_133' title='bbox 655 2575 714 2631; x_wconf 88' lang='lat' dir='ltr'>eius</span> <span class='ocrx_word' id='word_1_134' title='bbox 728 2576 882 2631; x_wconf 79' lang='lat' dir='ltr'>dissensum</span> <span class='ocrx_word' id='word_1_135' title='bbox 896 2576 1006 2631; x_wconf 86' lang='lat' dir='ltr'>nnllam</span> <span class='ocrx_word' id='word_1_136' title='bbox 1020 2579 1194 2647; x_wconf 71' lang='lat' dir='ltr'>notaverim,</span> <span class='ocrx_word' id='word_1_137' title='bbox 1213 2598 1319 2636; x_wconf 88' lang='lat' dir='ltr'>mecum</span> 
     </span>
     <span class='ocr_line' id='line_1_22' title="bbox 173 2665 1320 2735; baseline -0.001 -12"><span class='ocrx_word' id='word_1_138' title='bbox 173 2667 328 2724; x_wconf 85' lang='lat' dir='ltr'>consentire</span> <span class='ocrx_word' id='word_1_139' title='bbox 350 2681 516 2730; x_wconf 80' lang='lat' dir='ltr'>narravero,</span> <span class='ocrx_word' id='word_1_140' title='bbox 543 2681 600 2719; x_wconf 87' lang='lat' dir='ltr'>non</span> <span class='ocrx_word' id='word_1_141' title='bbox 623 2681 722 2720; x_wconf 89' lang='lat' dir='ltr'>vereor</span> <span class='ocrx_word' id='word_1_142' title='bbox 744 2665 869 2735; x_wconf 86' lang='lat' dir='ltr'>profecto</span> <span class='ocrx_word' id='word_1_143' title='bbox 893 2682 929 2719; x_wconf 85' lang='lat' dir='ltr'>ne</span> <span class='ocrx_word' id='word_1_144' title='bbox 952 2666 1006 2721; x_wconf 90' lang='lat' dir='ltr'>hoc</span> <span class='ocrx_word' id='word_1_145' title='bbox 1024 2683 1098 2721; x_wconf 84' lang='lat' dir='ltr'>vano</span> <span class='ocrx_word' id='word_1_146' title='bbox 1123 2669 1320 2725; x_wconf 82' lang='lat' dir='ltr'>nesciocuius</span> 
     </span>
     <span class='ocr_line' id='line_1_23' title="bbox 172 2753 1320 2828; baseline 0.003 -18"><span class='ocrx_word' id='word_1_147' title='bbox 172 2757 308 2827; x_wconf 82' lang='lat' dir='ltr'>gloriolae</span> <span class='ocrx_word' id='word_1_148' title='bbox 332 2755 424 2809; x_wconf 91' lang='lat' dir='ltr'>studio</span> <span class='ocrx_word' id='word_1_149' title='bbox 448 2753 548 2807; x_wconf 84' lang='lat' dir='ltr'>dixisse</span> <span class='ocrx_word' id='word_1_150' title='bbox 573 2754 681 2808; x_wconf 85' lang='lat' dir='ltr'>videar:</span> <span class='ocrx_word' id='word_1_151' title='bbox 711 2771 728 2808; x_wconf 83' lang='lat' dir='ltr'>a</span> <span class='ocrx_word' id='word_1_152' title='bbox 752 2771 806 2823; x_wconf 92' lang='lat' dir='ltr'>quo</span> <span class='ocrx_word' id='word_1_153' title='bbox 825 2770 874 2809; x_wconf 82' lang='lat' dir='ltr'>vos</span> <span class='ocrx_word' id='word_1_154' title='bbox 894 2754 1006 2822; x_wconf 89' lang='lat' dir='ltr'>quidem</span> <span class='ocrx_word' id='word_1_155' title='bbox 1025 2756 1113 2824; x_wconf 88' lang='lat' dir='ltr'>probe</span> <span class='ocrx_word' id='word_1_156' title='bbox 1133 2757 1218 2812; x_wconf 88' lang='lat' dir='ltr'>scitis</span> <span class='ocrx_word' id='word_1_157' title='bbox 1239 2777 1320 2828; x_wconf 86' lang='lat' dir='ltr'>quam</span> 
     </span>
     <span class='ocr_line' id='line_1_24' title="bbox 173 2842 1321 2914; baseline 0 -14"><span class='ocrx_word' id='word_1_158' title='bbox 173 2846 225 2901; x_wconf 91' lang='lat' dir='ltr'>sim</span> <span class='ocrx_word' id='word_1_159' title='bbox 249 2846 369 2900; x_wconf 85' lang='lat' dir='ltr'>alienus:</span> <span class='ocrx_word' id='word_1_160' title='bbox 403 2842 450 2897; x_wconf 88' lang='lat' dir='ltr'>sed</span> <span class='ocrx_word' id='word_1_161' title='bbox 474 2859 598 2897; x_wconf 90' lang='lat' dir='ltr'>memoro</span> <span class='ocrx_word' id='word_1_162' title='bbox 622 2844 674 2897; x_wconf 91' lang='lat' dir='ltr'>hoc</span> <span class='ocrx_word' id='word_1_163' title='bbox 698 2845 730 2897; x_wconf 92' lang='lat' dir='ltr'>ut</span> <span class='ocrx_word' id='word_1_164' title='bbox 751 2842 862 2912; x_wconf 88' lang='lat' dir='ltr'>penitus</span> <span class='ocrx_word' id='word_1_165' title='bbox 887 2845 1072 2913; x_wconf 86' lang='lat' dir='ltr'>pernoscatis,</span> <span class='ocrx_word' id='word_1_166' title='bbox 1097 2851 1210 2914; x_wconf 85' lang='lat' dir='ltr'>quanta</span> <span class='ocrx_word' id='word_1_167' title='bbox 1236 2852 1273 2904; x_wconf 89' lang='lat' dir='ltr'>sit</span> <span class='ocrx_word' id='word_1_168' title='bbox 1296 2850 1321 2902; x_wconf 86' lang='lat' dir='ltr'>in</span> 
     </span>
     <span class='ocr_line' id='line_1_25' title="bbox 172 2931 1362 3003; baseline 0.003 -14"><span class='ocrx_word' id='word_1_169' title='bbox 172 2937 225 2989; x_wconf 88' lang='lat' dir='ltr'>hac</span> <span class='ocrx_word' id='word_1_170' title='bbox 244 2935 306 3003; x_wconf 86' lang='lat' dir='ltr'>ipsa</span> <span class='ocrx_word' id='word_1_171' title='bbox 325 2932 423 2987; x_wconf 89' lang='lat' dir='ltr'>critica</span> <span class='ocrx_word' id='word_1_172' title='bbox 442 2934 516 2997; x_wconf 85' lang='lat' dir='ltr'>arte,</span> <span class='ocrx_word' id='word_1_173' title='bbox 540 2949 611 3000; x_wconf 87' lang='lat' dir='ltr'>qnae</span> <span class='ocrx_word' id='word_1_174' title='bbox 630 2931 815 2986; x_wconf 87' lang='lat' dir='ltr'>incertissima</span> <span class='ocrx_word' id='word_1_175' title='bbox 834 2932 922 2986; x_wconf 86' lang='lat' dir='ltr'>videri</span> <span class='ocrx_word' id='word_1_176' title='bbox 942 2933 1034 2987; x_wconf 87' lang='lat' dir='ltr'>stultis</span> <span class='ocrx_word' id='word_1_177' title='bbox 1054 2934 1225 2990; x_wconf 86' lang='lat' dir='ltr'>hominibus</span> <span class='ocrx_word' id='word_1_178' title='bbox 1245 2940 1322 2994; x_wconf 86' lang='lat' dir='ltr'>solet.</span> <span class='ocrx_word' id='word_1_179' title='bbox 1360 2990 1362 3001; x_wconf 86' lang='grc'>,</span> 
     </span>
     <span class='ocr_line' id='line_1_26' title="bbox 173 3019 1321 3096; baseline -0.002 -19"><span class='ocrx_word' id='word_1_180' title='bbox 173 3023 311 3078; x_wconf 76' lang='lat' dir='ltr'>certitudo</span> <span class='ocrx_word' id='word_1_181' title='bbox 336 3024 365 3075; x_wconf 90' lang='lat' dir='ltr'>et</span> <span class='ocrx_word' id='word_1_182' title='bbox 389 3023 532 3090; x_wconf 85' lang='lat' dir='ltr'>tamquam</span> <span class='ocrx_word' id='word_1_183' title='bbox 556 3020 715 3076; x_wconf 88' lang='lat' dir='ltr'>necessitas.</span> <span class='ocrx_word' id='word_1_184' title='bbox 753 3019 892 3076; x_wconf 78' lang='lat' dir='ltr'>Plurimus</span> <span class='ocrx_word' id='word_1_185' title='bbox 916 3021 990 3075; x_wconf 90' lang='lat' dir='ltr'>enim</span> <span class='ocrx_word' id='word_1_186' title='bbox 1010 3025 1190 3092; x_wconf 82' lang='lat' dir='ltr'>corruptelas</span> <span class='ocrx_word' id='word_1_187' title='bbox 1212 3046 1321 3096; x_wconf 69' lang='lat' dir='ltr'>prorsus</span> 
     </span>
     <span class='ocr_line' id='line_1_27' title="bbox 172 3109 1322 3180; baseline 0.002 -15"><span class='ocrx_word' id='word_1_188' title='bbox 172 3112 273 3165; x_wconf 86' lang='lat' dir='ltr'>nostris</span> <span class='ocrx_word' id='word_1_189' title='bbox 293 3111 449 3165; x_wconf 85' lang='lat' dir='ltr'>rationibus</span> <span class='ocrx_word' id='word_1_190' title='bbox 469 3111 666 3164; x_wconf 85' lang='lat' dir='ltr'>convenienter·</span> <span class='ocrx_word' id='word_1_191' title='bbox 686 3109 794 3178; x_wconf 83' lang='lat' dir='ltr'>pridem</span> <span class='ocrx_word' id='word_1_192' title='bbox 813 3111 965 3164; x_wconf 84' lang='lat' dir='ltr'>sustulerat</span> <span class='ocrx_word' id='word_1_193' title='bbox 979 3110 1168 3180; x_wconf 84' lang='lat' dir='ltr'>Hermannus,</span> <span class='ocrx_word' id='word_1_194' title='bbox 1190 3121 1220 3170; x_wconf 86' lang='lat' dir='ltr'>et</span> <span class='ocrx_word' id='word_1_195' title='bbox 1237 3128 1322 3168; x_wconf 79' lang='lat' dir='ltr'>sustu-</span> 
     </span>
     <span class='ocr_line' id='line_1_28' title="bbox 172 3198 1324 3269; baseline 0.003 -17"><span class='ocrx_word' id='word_1_196' title='bbox 172 3200 244 3253; x_wconf 90' lang='lat' dir='ltr'>lerat</span> <span class='ocrx_word' id='word_1_197' title='bbox 268 3200 326 3252; x_wconf 88' lang='lat' dir='ltr'>sine</span> <span class='ocrx_word' id='word_1_198' title='bbox 346 3198 411 3252; x_wconf 84' lang='lat' dir='ltr'>talis</span> <span class='ocrx_word' id='word_1_199' title='bbox 430 3199 495 3253; x_wconf 87' lang='lat' dir='ltr'>libri</span> <span class='ocrx_word' id='word_1_200' title='bbox 514 3216 582 3267; x_wconf 87' lang='lat' dir='ltr'>ope,</span> <span class='ocrx_word' id='word_1_201' title='bbox 602 3199 714 3267; x_wconf 88' lang='lat' dir='ltr'>qualem</span> <span class='ocrx_word' id='word_1_202' title='bbox 733 3217 806 3252; x_wconf 92' lang='lat' dir='ltr'>nunc</span> <span class='ocrx_word' id='word_1_203' title='bbox 825 3202 965 3269; x_wconf 87' lang='lat' dir='ltr'>repertum</span> <span class='ocrx_word' id='word_1_204' title='bbox 985 3201 1014 3252; x_wconf 89' lang='lat' dir='ltr'>et</span> <span class='ocrx_word' id='word_1_205' title='bbox 1032 3215 1186 3255; x_wconf 82' lang='lat' dir='ltr'>excussum</span> <span class='ocrx_word' id='word_1_206' title='bbox 1207 3206 1324 3258; x_wconf 83' lang='lat' dir='ltr'>Ambro-</span> 
     </span>
     <span class='ocr_line' id='line_1_29' title="bbox 172 3286 1324 3361; baseline 0.003 -20"><span class='ocrx_word' id='word_1_207' title='bbox 172 3287 281 3341; x_wconf 78' lang='lat' dir='ltr'>sianum</span> <span class='ocrx_word' id='word_1_208' title='bbox 304 3287 450 3341; x_wconf 83' lang='lat' dir='ltr'>laetamur.</span> <span class='ocrx_word' id='word_1_209' title='bbox 488 3286 593 3352; x_wconf 78' lang='lat' dir='ltr'>Quibus</span> <span class='ocrx_word' id='word_1_210' title='bbox 617 3287 694 3340; x_wconf 88' lang='lat' dir='ltr'>nolui</span> <span class='ocrx_word' id='word_1_211' title='bbox 713 3286 880 3356; x_wconf 79' lang='lat' dir='ltr'>singillatim</span> <span class='ocrx_word' id='word_1_212' title='bbox 898 3287 1093 3342; x_wconf 82' lang='lat' dir='ltr'>enumerandis</span> <span class='ocrx_word' id='word_1_213' title='bbox 1113 3306 1178 3344; x_wconf 89' lang='lat' dir='ltr'>esse</span> <span class='ocrx_word' id='word_1_214' title='bbox 1201 3293 1324 3361; x_wconf 88' lang='lat' dir='ltr'>putidus.</span> 
     </span>
     <span class='ocr_line' id='line_1_30' title="bbox 172 3374 1324 3448; baseline 0.003 -17"><span class='ocrx_word' id='word_1_215' title='bbox 172 3378 214 3430; x_wconf 83' lang='lat' dir='ltr'>En</span> <span class='ocrx_word' id='word_1_216' title='bbox 237 3376 324 3446; x_wconf 85' lang='lat' dir='ltr'>igitur</span> <span class='ocrx_word' id='word_1_217' title='bbox 343 3375 423 3430; x_wconf 86' lang='lat' dir='ltr'>vobis</span> <span class='ocrx_word' id='word_1_218' title='bbox 447 3392 574 3429; x_wconf 79' lang='lat' dir='ltr'>senecam</span> <span class='ocrx_word' id='word_1_219' title='bbox 594 3375 617 3428; x_wconf 89' lang='lat' dir='ltr'>si</span> <span class='ocrx_word' id='word_1_220' title='bbox 637 3374 728 3429; x_wconf 83' lang='lat' dir='ltr'>minus</span> <span class='ocrx_word' id='word_1_221' title='bbox 747 3379 939 3444; x_wconf 80' lang='lat' dir='ltr'>personatam,</span> <span class='ocrx_word' id='word_1_222' title='bbox 968 3378 998 3430; x_wconf 91' lang='lat' dir='ltr'>at</span> <span class='ocrx_word' id='word_1_223' title='bbox 1017 3378 1048 3430; x_wconf 91' lang='lat' dir='ltr'>ut</span> <span class='ocrx_word' id='word_1_224' title='bbox 1067 3393 1085 3430; x_wconf 90' lang='lat' dir='ltr'>a</span> <span class='ocrx_word' id='word_1_225' title='bbox 1104 3377 1235 3448; x_wconf 88' lang='lat' dir='ltr'>pristina</span> <span class='ocrx_word' id='word_1_226' title='bbox 1255 3382 1324 3436; x_wconf 88' lang='lat' dir='ltr'>inte-</span> 
     </span>
     <span class='ocr_line' id='line_1_31' title="bbox 172 3464 902 3537; baseline -0.005 -16"><span class='ocrx_word' id='word_1_227' title='bbox 172 3468 273 3537; x_wconf 79' lang='lat' dir='ltr'>gritate</span> <span class='ocrx_word' id='word_1_228' title='bbox 292 3467 367 3521; x_wconf 88' lang='lat' dir='ltr'>certe</span> <span class='ocrx_word' id='word_1_229' title='bbox 386 3465 500 3534; x_wconf 89' lang='lat' dir='ltr'>propius</span> <span class='ocrx_word' id='word_1_230' title='bbox 520 3481 603 3534; x_wconf 86' lang='lat' dir='ltr'>quam</span> <span class='ocrx_word' id='word_1_231' title='bbox 623 3464 715 3518; x_wconf 89' lang='lat' dir='ltr'>adbnc</span> <span class='ocrx_word' id='word_1_232' title='bbox 734 3464 789 3518; x_wconf 83' lang='lat' dir='ltr'>suit</span> <span class='ocrx_word' id='word_1_233' title='bbox 807 3464 902 3519; x_wconf 88' lang='lat' dir='ltr'>absit.‘</span> 
     </span>
    </p>
   </div>
   <div class='ocr_carea' id='block_1_7' title="bbox 170 3641 1325 4497">
    <p class='ocr_par' dir='ltr' id='par_1_7' title="bbox 170 3641 1325 4497">
     <span class='ocr_line' id='line_1_32' title="bbox 245 3641 1325 3715; baseline 0.006 -19"><span class='ocrx_word' id='word_1_234' title='bbox 245 3644 349 3712; x_wconf 81' lang='lat' dir='ltr'>‘Atque</span> <span class='ocrx_word' id='word_1_235' title='bbox 368 3643 438 3696; x_wconf 84' lang='lat' dir='ltr'>haee.</span> <span class='ocrx_word' id='word_1_236' title='bbox 458 3642 570 3710; x_wconf 91' lang='lat' dir='ltr'>quidem</span> <span class='ocrx_word' id='word_1_237' title='bbox 590 3643 733 3697; x_wconf 88' lang='lat' dir='ltr'>hactenus.</span> <span class='ocrx_word' id='word_1_238' title='bbox 772 3641 878 3707; x_wconf 82' lang='lat' dir='ltr'>Quibus</span> <span class='ocrx_word' id='word_1_239' title='bbox 898 3641 1021 3696; x_wconf 89' lang='lat' dir='ltr'>fruimini</span> <span class='ocrx_word' id='word_1_240' title='bbox 1040 3646 1192 3712; x_wconf 83' lang='lat' dir='ltr'>tamquam</span> <span class='ocrx_word' id='word_1_241' title='bbox 1213 3649 1325 3715; x_wconf 82' lang='lat' dir='ltr'>ultima,</span> 
     </span>
     <span class='ocr_line' id='line_1_33' title="bbox 172 3730 1324 3801; baseline 0.004 -15"><span class='ocrx_word' id='word_1_242' title='bbox 172 3751 256 3801; x_wconf 88' lang='lat' dir='ltr'>quam</span> <span class='ocrx_word' id='word_1_243' title='bbox 282 3731 442 3800; x_wconf 88' lang='lat' dir='ltr'>impendere</span> <span class='ocrx_word' id='word_1_244' title='bbox 469 3732 578 3785; x_wconf 83' lang='lat' dir='ltr'>vestrae</span> <span class='ocrx_word' id='word_1_245' title='bbox 605 3730 776 3786; x_wconf 88' lang='lat' dir='ltr'>institutioni</span> <span class='ocrx_word' id='word_1_246' title='bbox 803 3731 981 3800; x_wconf 86' lang='lat' dir='ltr'>conceditur,</span> <span class='ocrx_word' id='word_1_247' title='bbox 1007 3733 1110 3801; x_wconf 86' lang='lat' dir='ltr'>opella.</span> <span class='ocrx_word' id='word_1_248' title='bbox 1155 3734 1207 3789; x_wconf 86' lang='lat' dir='ltr'>Sic</span> <span class='ocrx_word' id='word_1_249' title='bbox 1228 3744 1324 3791; x_wconf 85' lang='lat' dir='ltr'>autem</span> 
     </span>
     <span class='ocr_line' id='line_1_34' title="bbox 170 3819 1323 3889; baseline 0.003 -14"><span class='ocrx_word' id='word_1_250' title='bbox 170 3823 236 3876; x_wconf 85' lang='lat' dir='ltr'>volo</span> <span class='ocrx_word' id='word_1_251' title='bbox 265 3836 428 3889; x_wconf 84' lang='lat' dir='ltr'>persuasum</span> <span class='ocrx_word' id='word_1_252' title='bbox 455 3819 596 3886; x_wconf 84' lang='lat' dir='ltr'>habeatis,</span> <span class='ocrx_word' id='word_1_253' title='bbox 625 3820 696 3874; x_wconf 88' lang='lat' dir='ltr'>nihil</span> <span class='ocrx_word' id='word_1_254' title='bbox 721 3837 853 3889; x_wconf 86' lang='lat' dir='ltr'>umquam</span> <span class='ocrx_word' id='word_1_255' title='bbox 878 3820 1066 3889; x_wconf 79' lang='lat' dir='ltr'>gratissimam</span> <span class='ocrx_word' id='word_1_256' title='bbox 1089 3823 1323 3881; x_wconf 86' lang='lat' dir='ltr'>recordationem</span> 
     </span>
     <span class='ocr_line' id='line_1_35' title="bbox 171 3908 1324 3979; baseline 0.003 -15"><span class='ocrx_word' id='word_1_257' title='bbox 171 3928 266 3965; x_wconf 88' lang='lat' dir='ltr'>eorum</span> <span class='ocrx_word' id='word_1_258' title='bbox 286 3924 421 3963; x_wconf 85' lang='lat' dir='ltr'>annorum</span> <span class='ocrx_word' id='word_1_259' title='bbox 441 3924 501 3962; x_wconf 90' lang='lat' dir='ltr'>esse</span> <span class='ocrx_word' id='word_1_260' title='bbox 520 3908 743 3978; x_wconf 85' lang='lat' dir='ltr'>obscuraturum,</span> <span class='ocrx_word' id='word_1_261' title='bbox 768 3927 817 3979; x_wconf 90' lang='lat' dir='ltr'>per</span> <span class='ocrx_word' id='word_1_262' title='bbox 839 3926 909 3977; x_wconf 91' lang='lat' dir='ltr'>quos</span> <span class='ocrx_word' id='word_1_263' title='bbox 932 3909 1098 3965; x_wconf 87' lang='lat' dir='ltr'>suavissimo</span> <span class='ocrx_word' id='word_1_264' title='bbox 1124 3915 1324 3968; x_wconf 86' lang='lat' dir='ltr'>communium</span> 
     </span>
     <span class='ocr_line' id='line_1_36' title="bbox 171 3994 1324 4068; baseline 0.007 -19"><span class='ocrx_word' id='word_1_265' title='bbox 171 3998 325 4052; x_wconf 84' lang='lat' dir='ltr'>studiorum</span> <span class='ocrx_word' id='word_1_266' title='bbox 349 3994 462 4050; x_wconf 87' lang='lat' dir='ltr'>vinculo</span> <span class='ocrx_word' id='word_1_267' title='bbox 486 3997 579 4065; x_wconf 81' lang='lat' dir='ltr'>vobis,</span> <span class='ocrx_word' id='word_1_268' title='bbox 604 3998 739 4051; x_wconf 85' lang='lat' dir='ltr'>carissimi</span> <span class='ocrx_word' id='word_1_269' title='bbox 763 3998 983 4066; x_wconf 84' lang='lat' dir='ltr'>commilitones,</span> <span class='ocrx_word' id='word_1_270' title='bbox 1007 4001 1036 4053; x_wconf 89' lang='lat' dir='ltr'>et</span> <span class='ocrx_word' id='word_1_271' title='bbox 1059 3999 1107 4068; x_wconf 91' lang='lat' dir='ltr'>qui</span> <span class='ocrx_word' id='word_1_272' title='bbox 1133 4002 1203 4057; x_wconf 84' lang='lat' dir='ltr'>ante</span> <span class='ocrx_word' id='word_1_273' title='bbox 1227 4022 1278 4057; x_wconf 81' lang='lat' dir='ltr'>vos</span> <span class='ocrx_word' id='word_1_274' title='bbox 1296 4007 1324 4057; x_wconf 91' lang='lat' dir='ltr'>in</span> 
     </span>
     <span class='ocr_line' id='line_1_37' title="bbox 170 4085 1323 4161; baseline 0.004 -20"><span class='ocrx_word' id='word_1_275' title='bbox 170 4088 223 4141; x_wconf 87' lang='lat' dir='ltr'>hac</span> <span class='ocrx_word' id='word_1_276' title='bbox 252 4087 408 4141; x_wconf 88' lang='lat' dir='ltr'>litterarum</span> <span class='ocrx_word' id='word_1_277' title='bbox 431 4085 573 4154; x_wconf 85' lang='lat' dir='ltr'>palaestra</span> <span class='ocrx_word' id='word_1_278' title='bbox 600 4086 783 4155; x_wconf 87' lang='lat' dir='ltr'>desudarunt,</span> <span class='ocrx_word' id='word_1_279' title='bbox 812 4089 975 4142; x_wconf 88' lang='lat' dir='ltr'>coniunctus</span> <span class='ocrx_word' id='word_1_280' title='bbox 999 4090 1044 4143; x_wconf 86' lang='lat' dir='ltr'>tot</span> <span class='ocrx_word' id='word_1_281' title='bbox 1067 4089 1156 4143; x_wconf 89' lang='lat' dir='ltr'>studii</span> <span class='ocrx_word' id='word_1_282' title='bbox 1179 4107 1255 4161; x_wconf 82' lang='lat' dir='ltr'>erga</span> <span class='ocrx_word' id='word_1_283' title='bbox 1280 4110 1323 4146; x_wconf 89' lang='lat' dir='ltr'>mc</span> 
     </span>
     <span class='ocr_line' id='line_1_38' title="bbox 170 4175 1323 4248; baseline 0.004 -20"><span class='ocrx_word' id='word_1_284' title='bbox 170 4177 256 4230; x_wconf 79' lang='lat' dir='ltr'>vestri</span> <span class='ocrx_word' id='word_1_285' title='bbox 285 4175 453 4229; x_wconf 84' lang='lat' dir='ltr'>documenta</span> <span class='ocrx_word' id='word_1_286' title='bbox 482 4193 542 4228; x_wconf 87' lang='lat' dir='ltr'>sum</span> <span class='ocrx_word' id='word_1_287' title='bbox 570 4178 713 4244; x_wconf 86' lang='lat' dir='ltr'>expertus,</span> <span class='ocrx_word' id='word_1_288' title='bbox 742 4179 774 4230; x_wconf 88' lang='lat' dir='ltr'>nt</span> <span class='ocrx_word' id='word_1_289' title='bbox 796 4177 867 4231; x_wconf 90' lang='lat' dir='ltr'>nihil</span> <span class='ocrx_word' id='word_1_290' title='bbox 890 4177 946 4232; x_wconf 84' lang='lat' dir='ltr'>iam</span> <span class='ocrx_word' id='word_1_291' title='bbox 970 4177 1094 4230; x_wconf 86' lang='lat' dir='ltr'>sanctius</span> <span class='ocrx_word' id='word_1_292' title='bbox 1119 4182 1149 4232; x_wconf 89' lang='lat' dir='ltr'>et</span> <span class='ocrx_word' id='word_1_293' title='bbox 1172 4182 1323 4248; x_wconf 83' lang='lat' dir='ltr'>antiquius</span> 
     </span>
     <span class='ocr_line' id='line_1_39' title="bbox 171 4263 1321 4336; baseline 0.006 -19"><span class='ocrx_word' id='word_1_294' title='bbox 171 4264 297 4332; x_wconf 86' lang='lat' dir='ltr'>habeam,</span> <span class='ocrx_word' id='word_1_295' title='bbox 317 4282 399 4332; x_wconf 87' lang='lat' dir='ltr'>qnam</span> <span class='ocrx_word' id='word_1_296' title='bbox 419 4263 504 4316; x_wconf 86' lang='lat' dir='ltr'>etiam</span> <span class='ocrx_word' id='word_1_297' title='bbox 523 4268 608 4332; x_wconf 88' lang='lat' dir='ltr'>atque</span> <span class='ocrx_word' id='word_1_298' title='bbox 628 4265 713 4319; x_wconf 86' lang='lat' dir='ltr'>etiam</span> <span class='ocrx_word' id='word_1_299' title='bbox 733 4282 750 4319; x_wconf 90' lang='lat' dir='ltr'>a</span> <span class='ocrx_word' id='word_1_300' title='bbox 768 4265 848 4320; x_wconf 87' lang='lat' dir='ltr'>vobis</span> <span class='ocrx_word' id='word_1_301' title='bbox 868 4266 920 4320; x_wconf 94' lang='lat' dir='ltr'>hoc</span> <span class='ocrx_word' id='word_1_302' title='bbox 940 4269 1044 4336; x_wconf 86' lang='lat' dir='ltr'>petere,</span> <span class='ocrx_word' id='word_1_303' title='bbox 1064 4269 1097 4319; x_wconf 90' lang='lat' dir='ltr'>ut</span> <span class='ocrx_word' id='word_1_304' title='bbox 1115 4267 1246 4335; x_wconf 86' lang='lat' dir='ltr'>aliquam</span> <span class='ocrx_word' id='word_1_305' title='bbox 1267 4273 1321 4324; x_wconf 64' lang='lat' dir='ltr'>nir-i</span> 
     </span>
     <span class='ocr_line' id='line_1_40' title="bbox 171 4352 1320 4426; baseline 0.004 -21"><span class='ocrx_word' id='word_1_306' title='bbox 171 4352 332 4426; x_wconf 81' lang='lat' dir='ltr'>memoriam</span> <span class='ocrx_word' id='word_1_307' title='bbox 362 4353 449 4406; x_wconf 90' lang='lat' dir='ltr'>etiam</span> <span class='ocrx_word' id='word_1_308' title='bbox 477 4352 600 4406; x_wconf 85' lang='lat' dir='ltr'>absentis</span> <span class='ocrx_word' id='word_1_309' title='bbox 629 4352 809 4409; x_wconf 82' lang='lat' dir='ltr'>conservetis.</span> <span class='ocrx_word' id='word_1_310' title='bbox 847 4353 946 4409; x_wconf 86' lang='lat' dir='ltr'>Valete</span> <span class='ocrx_word' id='word_1_311' title='bbox 971 4354 1096 4422; x_wconf 86' lang='lat' dir='ltr'>mihique</span> <span class='ocrx_word' id='word_1_312' title='bbox 1116 4355 1222 4412; x_wconf 81' lang='lat' dir='ltr'>favete.</span> <span class='ocrx_word' id='word_1_313' title='bbox 1264 4360 1320 4413; x_wconf 80' lang='lat' dir='ltr'>Ser.</span> 
     </span>
     <span class='ocr_line' id='line_1_41' title="bbox 170 4439 888 4497; baseline 0.007 -5"><span class='ocrx_word' id='word_1_314' title='bbox 170 4439 357 4495; x_wconf 83' lang='lat' dir='ltr'>Vratislaviac</span> <span class='ocrx_word' id='word_1_315' title='bbox 377 4441 402 4493; x_wconf 92' lang='lat' dir='ltr'>d.</span> <span class='ocrx_word' id='word_1_316' title='bbox 424 4440 460 4494; x_wconf 84' lang='lat' dir='ltr'>Xl</span> <span class='ocrx_word' id='word_1_317' title='bbox 481 4460 515 4495; x_wconf 90' lang='lat' dir='ltr'>m.</span> <span class='ocrx_word' id='word_1_318' title='bbox 535 4442 616 4497; x_wconf 83' lang='lat' dir='ltr'>Mart.</span> <span class='ocrx_word' id='word_1_319' title='bbox 636 4443 888 4497; x_wconf 56' lang='lat' dir='ltr'>mnoccxxxvmlJ</span> 
     </span>
    </p>
   </div>
   <div class='ocr_carea' id='block_1_8' title="bbox 0 0 1448 5032">
    <p class='ocr_par' dir='ltr' id='par_1_8' title="bbox 0 0 1448 5032">
     <span class='ocr_line' id='line_1_42' title="bbox 0 0 1448 5032; baseline 0 1"><span class='ocrx_word' id='word_1_320' title='bbox 0 0 1448 5032; x_wconf 95' lang='lat' dir='ltr'> </span> 
     </span>
    </p>
   </div>
  </div>
 </body>
</html>
