2886 5032
150 318 216 383 478
441 333 699 382 esorsoouuuu
724 335 771 382 nu
795 332 1008 382 surrourevs

150 479 233 558 quid.
280 475 437 552 Qualibus
470 477 562 541 facile
592 479 788 562 perspicitur
819 500 876 543 cur
904 477 1055 560 eandem,
1077 499 1178 561 quarn
1204 499 1306 561 supra

152 582 260 646 allatis
290 582 366 646 Hae'
388 583 491 647 souitu
519 584 585 648 med
605 584 726 649 moretm
748 583 827 648 miti
849 588 883 648 et
906 583 995 648 Hae
1021 584 1094 648 onds
1121 583 1212 648 uobis
1243 605 1307 646 nur-

152 689 216 755 lom
238 711 304 754 rem
328 688 388 774 (du
412 694 444 753 et
466 689 536 775 αβ),
559 691 802 755 exeusationem
826 711 891 754 uon
915 688 1138 754 adhibeamus.
1177 688 1306 774 Quippe

151 797 214 867 hoc
237 797 373 860 interest
396 797 496 881 quod,
528 797 556 861 si
585 797 800 881 praemissum
826 797 892 860 sire
915 795 1070 860 creticum
1096 795 1166 859 sive
1192 795 1306 859 cretici

152 902 291 968 formam
312 903 463 967 vicariam
483 903 694 987 separaveris,
717 903 804 967 omni
824 902 1002 967 offensione
1023 923 1162 966 vacuum
1183 904 1305 966 senarii

152 1010 282 1074 initium
306 989 464 1092 praebent
486 1009 562 1073 Med
582 1009 702 1073 moretm
725 1008 803 1072 mibi
826 1013 858 1072 et
883 1009 974 1074 Vobis
995 1008 1116 1073 merim
1139 1030 1217 1092 reru,
1242 1032 1305 1074 nou

152 1117 311 1201 praebent
333 1115 471 1200 Ropitds,
494 1110 595 1180 nescio
617 1117 694 1198 quid
715 1119 747 1180 et
768 1115 868 1193 Vides,
882 1119 998 1199 mie
1013 1136 1097 1181 sum:
1123 1116 1158 1180 in
1184 1117 1303 1201 quibus

152 1224 204 1288 vix
229 1224 308 1287 satis
328 1224 419 1308 gravi
439 1224 708 1307 interpunctione,
731 1227 767 1287 ut
786 1225 820 1288 in
839 1224 994 1308 exemplis
1013 1245 1045 1307 p.
1055 1240 1197 1288 ccxxru
1212 1225 1303 1306 [4581

9 1354 136 1396 ccxnvn
151 1331 310 1413 tractatis,
333 1331 374 1395 ab
399 1334 574 1414 anapaesto
599 1329 759 1414 spondens
784 1329 953 1394 dirimitur.
990 1328 1202 1414 Quamquam
1229 1330 1304 1394 haec
1334 1410 1336 1423 Ι

152 1437 281 1521 quidem
306 1436 465 1501 eiusmodi
489 1458 558 1502 esse
583 1436 800 1520 concedimus,
829 1441 878 1520 ut,
901 1440 1116 1522 posteaquam
1142 1438 1182 1502 de
1208 1439 1302 1522 longe

151 1543 300 1627 plurimis
328 1543 458 1608 licuerit
484 1548 537 1608 sat
564 1547 651 1608 certo
680 1548 713 1607 et
735 1543 932 1629 confidenter
956 1546 1117 1625 statuere,
1148 1544 1213 1608 illa
1236 1545 1304 1630 ipsa

153 1649 281 1714 demum
309 1650 468 1715 lubricam
496 1650 766 1715 existimationem
797 1649 940 1714 habeant
966 1653 1000 1713 et
1027 1648 1168 1715 dubiam
1192 1674 1302 1716 eorum

152 1757 273 1840 finium,
293 1779 373 1840 quos
394 1757 479 1821 ultra
498 1757 643 1840 citraque
662 1759 801 1840 nequeat
819 1756 996 1820 consistere
1010 1759 1149 1841 rectum,
1170 1757 1302 1842 discrip-

152 1863 283 1928 tionem.
330 1864 482 1948 ldemque
507 1862 580 1929 volo
605 1862 643 1927 de
667 1863 722 1927 illo
746 1885 840 1927 versu
864 1862 984 1927 dictum
1008 1883 1089 1947 esse,
1114 1886 1216 1947 quem
1241 1867 1300 1930 iam

152 1992 181 2053 p.
207 1968 359 2034 ccrlxxvl
385 1971 476 2050 [469]
501 1970 610 2054 tetigi,
633 1969 720 2034 Triu.
740 1969 818 2034 661:

241 2110 372 2197 Perpeti
392 2114 531 2196 nequeo:
556 2112 651 2176 simul
675 2112 766 2197 piget
788 2115 903 2196 parlim
927 2111 1046 2196 pudere
1070 2116 1115 2178 te.

151 2252 236 2319 Nam
260 2277 332 2320 cum
351 2278 417 2321 uon
436 2255 541 2338 possit
560 2277 637 2319 saue
656 2276 720 2318 non
739 2253 973 2319 dubitationem
993 2275 1127 2319 movere
1148 2264 1304 2342 quattuor

151 2366 369 2446 oxytouorum
403 2362 595 2445 cumulatio,
633 2366 741 2426 tamen
779 2361 910 2427 difficile
942 2360 1029 2425 dictu
1064 2366 1119 2426 est
1154 2366 1236 2448 quid
1269 2390 1304 2431 eo

151 2490 261 2552 versu,
286 2470 415 2553 qualem
439 2469 564 2534 codices
589 2468 755 2553 exhibent,
777 2468 960 2533 faciendum
984 2467 1040 2531 sit:

239 2610 370 2697 Perpeti
392 2634 528 2696 nequeo:
552 2612 651 2676 simul
674 2633 725 2675 me
747 2611 838 2697 piget
860 2633 973 2695 parum
996 2610 1122 2693 pudere
1147 2617 1199 2680 te:

151 2752 262 2836 inquo
278 2755 438 2819 mordicus
453 2755 626 2820 tenendum
642 2759 705 2837 est,
719 2754 804 2838 quod
819 2777 849 2838 p.
861 2771 1018 2818 cxxxvm
1036 2753 1179 2842 [385]*)
1196 2758 1304 2823 docui·
1333 2742 1336 2783 ⁹

151 2882 230 2942 mus,
258 2883 321 2925 uon
345 2883 439 2944 posse
463 2883 521 2944 pro
545 2861 669 2925 duabus
690 2861 842 2925 brevibus
859 2862 944 2942 pzpet
961 2881 1039 2923 esse.
1079 2860 1180 2927 Nihil
1206 2866 1305 2950 igitur

150 2965 298 3030 relictum
314 2989 384 3030 esse
403 2967 495 3031 video
514 2967 577 3030 uisi
592 2969 636 3048 ut,
651 2967 706 3050 qui
721 2968 893 3049 repetitam
908 2966 1113 3048 oxytonesim
1131 2968 1304 3036 ferendam

149 3095 219 3135 esse
247 3079 357 3159 neget,
391 3074 651 3157 monosyllabum
680 3074 775 3138 siueul
798 3074 886 3137 vocis
909 3073 1219 3156 pronuntiationem
1246 3079 1304 3141 huc

150 3180 304 3265 asciseat,
333 3205 414 3266 quae
447 3183 480 3246 in
511 3182 652 3244 medium
684 3180 904 3264 septenarium
932 3178 1030 3242 etiam
1060 3178 1119 3244 illo
1152 3185 1302 3268 exemplo

151 3284 263 3350 incidit
286 3289 369 3372 quod
393 3311 423 3370 p.
448 3306 566 3351 cnuvss
591 3287 683 3368 [393]
709 3287 888 3351 attulimus.

240 3392 390 3458 Ceterum
414 3416 599 3476 paucarum,
622 3415 701 3476 quas
725 3415 789 3458 uon
814 3393 919 3475 attigi,
942 3391 1124 3458 formarum
1152 3400 1299 3481 exempla

148 3500 182 3563 in
206 3500 278 3564 aliis
301 3500 423 3564 fabulis
447 3500 503 3564 alii
528 3505 698 3583 quaerant:
723 3521 859 3582 quarum
884 3497 910 3561 si
935 3520 1034 3562 unam
1057 3505 1091 3564 et
1115 3502 1198 3569 item
1224 3506 1298 3568 alte
1334 3528 1336 3533 ¹

149 3629 218 3669 ram
250 3629 359 3671 carere
390 3608 535 3689 exemplo
566 3606 766 3689 apparuerit,
798 3627 874 3669 casu
904 3604 1027 3669 factum
1055 3612 1190 3689 putato:
1223 3631 1292 3674 nam

148 3714 268 3779 rationi
292 3715 382 3779 nulla
406 3719 574 3798 repugnat.

239 3838 301 3904 Sed
325 3840 465 3904 noudum
490 3840 649 3923 permensi
674 3863 784 3904 sumus
808 3840 1065 3923 septenariorum
1089 3839 1177 3903 initii
1194 3858 1285 3922 prope

148 3946 311 4009 infinitam
336 3947 535 4010 varietatem.
578 3946 716 4010 Restant
739 3947 824 4011 enim
849 3968 904 4010 eae
928 3946 1062 4031 formae,
1086 3968 1168 4030 quae
1191 3944 1277 4009 couti·

147 4058 248 4117 nuato
272 4074 329 4136 per
352 4058 521 4134 utramque
545 4059 669 4136 partem
694 4076 757 4118 uno
781 4052 939 4118 vocabulo
963 4057 1108 4137 oxytono
1131 4052 1217 4115 liunt.
1251 4045 1273 4108 Ε

148 4181 211 4241 quo
236 4179 353 4242 genere
378 4157 436 4220 has
460 4160 584 4222 notavi:

236 4441 261 4508 *)
282 4440 342 4509 [ubi
362 4439 425 4492 vide
443 4439 673 4509 annotationem]
