2836 5034
408 315 702 365 onrnasnoxm·
727 315 800 363 cun
823 301 1033 363 Iirrnuicnrs.
1230 298 1294 361 itti

136 457 322 523 admiratio
352 457 458 523 effecit
487 466 523 523 ut
552 459 592 524 de
625 459 789 523 communi
822 458 952 523 Ordinis
989 458 1169 539 sententio,
1202 458 1294 522 cuius

138 568 180 629 ut
207 587 346 630 munera
374 565 422 630 ita
451 565 561 631 studia
590 566 836 650 proximonum
862 565 945 630 Tvrs
971 564 1139 631 affinitatis
1164 563 1293 629 uinculo

136 672 373 756 continentur,
409 671 461 737 his
492 671 569 737 Tun
600 673 734 756 litteris,
771 673 821 737 vir
857 673 987 754 eximie,
1023 678 1057 736 et
1088 670 1293 736 sollemnium

137 777 504 863 quinquagenariorum
527 778 718 843 felicitatem
742 800 780 843 ex
799 778 911 843 animo
930 778 1240 863 congratularemur,
1261 782 1294 843 ct

136 905 206 969 pro
231 907 310 950 cara
332 884 427 950 nobis
451 884 556 950 salute
570 885 644 951 ΤνΑ
668 892 745 951 vota
764 885 969 972 pientissima
987 885 1239 970 conciperemus,
1261 892 1294 950 et

136 1014 331 1077 propensae
358 991 519 1057 voluntati
542 991 640 1057 Tvss
669 1015 729 1058 nos
757 1013 873 1076 resque
900 996 1029 1056 nostras
1052 1014 1125 1057 cum
1149 1014 1293 1057 reveren·

137 1098 213 1164 tiae
244 1098 475 1164 testificatione
507 1099 682 1165 duraturae
718 1098 1026 1164 commendaremus.
1082 1098 1174 1176 Quod
1204 1098 1293 1165 Dens

140 1204 302 1290 Optimus
325 1204 487 1270 Maximus
516 1206 597 1271 bene
620 1210 727 1270 vestet
754 1210 788 1270 et
810 1206 886 1276 felix
910 1206 1053 1270 faustum
1077 1205 1293 1271 fortunatum·

138 1334 209 1397 qne
232 1334 306 1378 esse
328 1313 446 1378 iubeat
492 1311 583 1378 Vale.

239 1419 361 1485 Datum
385 1419 519 1485 Bounae
542 1419 654 1484 Idibus
678 1417 781 1483 luciis
804 1418 881 1483 anui
905 1434 1158 1486 crsinccctvnn

699 1849 748 1910 11.

140 1987 642 2055 Gratulationssclrreibcu
668 1987 733 2052 des
763 1985 925 2053 Senates
954 1986 1019 2052 der
1048 1985 1294 2055 Uirisersitiit

180 2095 295 2161 Bonn
321 2117 363 2158 zu
393 2094 477 2159 dem
500 2094 836 2179 funfzigjahrigen
860 2093 1257 2177 Professorjubiliium

309 2200 343 2266 F.
367 2199 406 2265 G.
429 2199 627 2266 Welclrer’s
650 2223 708 2265 am
736 2203 785 2267 16.
809 2201 976 2267 October
1003 2199 1133 2285 1859.*)

236 2361 358 2428 Rector
385 2369 419 2429 et
442 2361 582 2428 Senatus
599 2363 611 2446 l
628 2361 861 2427 Vniversitatis
884 2359 1078 2426 Friderieiee
1102 2361 1292 2427 (luilelmiuo

145 2468 324 2537 Rhenanae
341 2468 353 2554 ss
372 2466 507 2534 S·P·D
525 2470 536 2554 l
553 2468 718 2534 Friderico
738 2466 919 2553 Theophilo
935 2465 1106 2533 Wclekero
1124 2467 1135 2551 l
1153 2468 1222 2535 viru
1246 2469 1293 2537 iu·

149 2577 349 2644 lustrissimo
373 2576 455 2642 bene
479 2574 718 2641 merentissirno
737 2575 748 2658 ΙΙ
765 2576 918 2661 conlegae
942 2575 1163 2642 dilectissimo.

237 2703 302 2780 Qui
331 2722 407 2766 rara
436 2700 522 2764 inter
552 2700 706 2764 mortales
735 2700 891 2766 felicitate
919 2701 1198 2787 auspicatissirnus
1227 2702 1292 2767 inin

152 2808 226 2875 Tm
256 2807 327 2872 dies
356 2806 491 2871 obortus
515 2811 578 2890 est,
610 2807 751 2891 suscepti
775 2810 850 2871 ante
872 2806 953 2873 haec
976 2808 1084 2873 decem
1109 2809 1213 2873 lustru
1237 2830 1293 2893 pu·

154 2913 228 2982 blioi
250 2912 396 2978 muneris
421 2913 514 2978 testis
539 2913 752 2998 laetissimus,
776 2935 848 2978 cum
872 2913 912 2979 ad
936 2916 1077 2999 patriani
1102 2916 1294 2999 universnm,

152 3021 249 3088 inmo
279 3020 320 3085 ad
348 3020 460 3086 orbem
491 3025 651 3084 terrerum
680 3020 822 3103 pertinet
849 3019 960 3105 aliqua
988 3020 1189 3084 humanitate
1213 3020 1291 3085 tinc-

150 3130 231 3213 lum,
262 3132 333 3192 tum
362 3127 459 3212 longe
487 3127 586 3191 etiam
614 3125 778 3211 propioris
806 3127 1040 3192 communionis
1066 3126 1192 3191 virrculo
1220 3149 1291 3191 eum

148 3235 272 3303 nostris
303 3239 336 3299 et
366 3233 546 3298 rationibus
575 3240 610 3298 et
640 3233 788 3298 sensibus
818 3234 1010 3299 continetur.
1057 3232 1187 3298 Litteris
1216 3232 1294 3320 quid

150 3341 312 3431 profueris
336 3344 370 3406 et
393 3341 568 3423 doctrinae,
591 3341 672 3406 satis
696 3341 750 3406 alii
776 3339 1010 3425 praedicabunt
1032 3361 1132 3423 penes
1157 3363 1237 3425 ‹luos
1261 3341 1293 3407 in

149 3448 210 3517 boc
233 3468 353 3535 genere
377 3448 532 3514 iudicium
556 3454 617 3513 est:
668 3448 902 3532 praedicabunt
916 3446 1083 3512 Musarum
1103 3469 1292 3531 graecarum

149 3554 361 3642 interpretem
385 3559 419 3620 et
441 3559 607 3640 tamquam
631 3555 866 3620 vatemdivino
887 3554 1181 3640 spiritualitatum,
1203 3556 1293 3621 cuius

152 3684 218 3729 nnn
250 3661 425 3727 eruditioni
458 3666 585 3727 tantum
619 3662 777 3748 singulari
810 3661 976 3748 miraeque
1009 3661 1196 3748 sagacitati,
1238 3660 1293 3727 sed

155 3769 334 3836 sublimiori
366 3769 487 3834 fervori
519 3769 769 3855 ingeniosacquc
802 3768 1006 3855 simplicitati
1039 3792 1112 3834 crim
1146 3772 1293 3833 aeternos

160 3880 358 3942 memorum
382 3879 551 3960 poetarum
575 3875 629 3941 diu
653 3877 799 3941 occlusos
823 3876 932 3942 fontes
951 3877 1093 3943 reclusos
1112 3875 1295 3959 dclnurnus,

162 3983 227 4047 hcm
251 3987 365 4068 operta
392 3982 474 4048 artis
500 3983 572 4047 aine
599 3982 746 4068 exemplo
771 3983 955 4067 praeclarae
979 3983 1159 4068 penetralis
1182 3988 1294 4067 opertu
1377 4058 1381 4065 ⁴

169 4106 298 4175 nosque
326 4091 360 4155 in
387 4091 459 4157 lnce
487 4090 670 4174 conlocata,
698 4094 767 4155 tum
797 4090 909 4156 abdita
932 4095 965 4156 ct
988 4090 1139 4175 perplexa
1161 4091 1292 4155 deorum

172 4243 363 4261 ’ξ--ι

259 4339 285 4406 ‘l
307 4336 429 4410 [Bereits
451 4337 629 4408 sbgedrnckt
651 4336 681 4391 iu
703 4337 757 4392 den
780 4337 876 4394 Jahrb.
902 4337 921 4393 i.
945 4336 1026 4393 class.
1046 4335 1202 4407 l‘hilologie
1223 4342 1292 4391 1800
1334 4394 1348 4423 ο

176 4424 268 4483 illut
301 4425 331 4482 C.
350 4425 407 4497 w.]
