2836 5034
430 368 435 374 -
467 346 703 394 :isnarnrscnn
727 347 853 394 annau.
1164 328 1231 393 659

134 511 197 554 rsus
218 488 303 554 tanti
324 487 386 552 viri
406 510 425 552 a
445 510 607 574 quoquam
627 490 704 555 dum
722 490 817 574 ple'ne
836 489 1035 574 perscriptus
1055 488 1107 566 sit,
1132 491 1230 572 atque

135 618 166 659 m
187 595 315 660 demum
337 618 403 662 non
427 597 496 661 sine
527 598 696 662 miratione
724 597 844 681 patria,
872 617 954 681 quae
982 600 1016 661 et
1045 595 1154 681 qualia
1181 593 1229 658 illi

134 703 210 786 beat,
233 703 278 767 sit
300 703 477 788 cognitura
520 704 548 769 ll
573 705 689 788 quibus
713 705 863 770 omnibus
886 703 948 770 hoc
971 724 1041 768 esse
1064 705 1229 767 consecta-

134 830 171 873 im
200 809 363 893 volumus,
400 814 436 875 ut
466 832 551 875 nunc
584 811 705 876 omissa
736 811 869 895 publiea
900 810 970 875 vita
1001 811 1035 875 in
1066 831 1105 874 ea
1136 812 1229 894 parte

134 915 359 980 imboldtianae
388 917 518 982 virtutis
547 918 812 984 commorandum
840 939 910 983 esse
942 916 1158 1002 intellegatis,
1190 914 1229 980 de

134 1021 257 1107 alonge
271 1022 529 1108 locupletissima
548 1024 738 1090 testimonia
757 1025 827 1109 ipse
842 1023 1034 1111 prodiderit:
1058 1044 1141 1109 quae
1160 1022 1228 1107 qui·

134 1149 157 1192 m
178 1129 299 1194 artium
321 1129 568 1217 litterarumque
592 1132 706 1197 studiis
730 1131 1021 1217 comprehenditur.
1062 1129 1095 1195 ls
1120 1133 1228 1195 autem

134 1258 174 1300 :us
192 1258 265 1301 cum
284 1240 318 1301 et
335 1239 468 1324 propius
488 1261 586 1324 quam
609 1239 707 1304 ceteri
731 1259 843 1304 omnes
866 1237 907 1303 ad
929 1239 1059 1302 nostras
1083 1235 1227 1319 ipsorum

134 1343 227 1408 iones
252 1346 386 1411 accedat
413 1368 471 1411 nec
496 1368 647 1431 superare
671 1368 778 1411 meum
802 1343 941 1411 oratoris
965 1346 1097 1427 captum
1120 1341 1228 1407 uidea-

134 1470 150 1531 ·,
175 1454 247 1515 tum
270 1450 319 1516 ita
346 1458 552 1537 comparatus
580 1458 644 1536 est,
670 1456 707 1518 ut
733 1475 793 1519 nec
816 1474 874 1539 per
897 1471 931 1516 se
954 1472 975 1516 a
996 1448 1130 1534 reliquis
1154 1470 1228 1533 par-

135 1578 171 1622 us
197 1557 347 1642 publicae
374 1560 583 1645 privataeque
610 1560 779 1626 hominum
807 1559 895 1624 uitae
922 1556 1087 1623 seiunctus
1110 1556 1168 1640 sit,
1195 1559 1230 1620 et

134 1685 158 1729 n
185 1665 219 1729 in
247 1669 360 1731 tantae
390 1667 623 1753 magnitudinis
650 1669 720 1733 viro
748 1689 821 1733 eum
846 1665 910 1730 illis
934 1665 1033 1750 longe
1056 1662 1228 1747 aptissimo

134 1771 328 1838 assitudinis
355 1773 484 1839 vinculo
512 1775 726 1841 contineatur.
776 1771 854 1838 Fuit
881 1771 965 1837 enim
993 1771 1061 1849 ille,
1093 1770 1120 1836 si
1156 1769 1228 1856 quis

134 1900 180 1959 us,
207 1902 247 1943 ex
275 1879 316 1943 iis
344 1881 553 1964 mortalibus,
582 1903 717 1968 quomm
745 1879 871 1945 indoles
899 1899 964 1942 non
992 1899 1031 1941 ex
1059 1875 1228 1942 elementis

134 1985 278 2051 ibusdam
301 1990 467 2072 tamquam
487 2009 583 2073 opere
602 1987 811 2053 vermiculato
831 1985 1015 2071 composita
1033 1988 1085 2049 est
1103 1987 1137 2048 et
1155 2005 1229 2049 con·

134 2092 256 2175 ¹tinata,
283 2091 340 2156 sed
368 2114 406 2157 ea
434 2094 608 2159 indisereta
635 2093 761 2160 hahens
791 2094 824 2158 in
854 2092 1011 2177 simplicis
1042 2090 1228 2175 solidaeque

134 2219 217 2263 urae
240 2199 380 2284 speciem
404 2202 576 2266 concrevit.
622 2202 693 2278 Quo
721 2200 859 2283 accedit,
886 2198 972 2284 quod
1000 2198 1135 2263 eandem
1163 2197 1228 2281 ille,

134 2326 178 2369 :m
209 2304 245 2368 in
276 2303 417 2371 Goethio
452 2312 563 2372 nostro
599 2307 812 2392 admiramur,
847 2307 934 2371 vitae
966 2304 1126 2369 rationem
1160 2308 1227 2368 stu·

134 2431 272 2495 rumque
302 2413 473 2478 consilium
507 2418 635 2479 secutus
666 2436 685 2480 a
715 2417 820 2478 semet
849 2410 1014 2498 fingendo,
1046 2409 1228 2493 excolendo,

134 2516 290 2601 poliendo
309 2541 568 2605 unumquemque
588 2521 704 2586 debere
724 2520 810 2584 vitae
829 2516 1079 2584 conformandae
1097 2514 1227 2579 initium

134 2644 195 2688 :ere
224 2625 287 2689 sibi
315 2630 532 2710 persuaserat,
560 2649 696 2711 eumque
724 2628 832 2711 ipsum
859 2625 957 2689 finem
985 2644 1057 2688 esse
1079 2623 1226 2706 proposi-

134 2751 151 2792 n
173 2731 312 2815 singulis
336 2732 528 2797 mortalibus
553 2734 729 2799 statuebat:
753 2733 873 2819 quippe
897 2732 972 2797 hinc
990 2730 1135 2794 futurum
1156 2750 1226 2794 esse

141 2836 175 2900 in
197 2838 367 2903 commoda
390 2839 557 2905 societatis
581 2840 743 2905 humanae
771 2838 977 2920 civitatisque
1006 2836 1145 2901 salutem
1169 2857 1225 2920 op·

134 2944 157 3007 ri
186 2944 309 3011 fructus
343 2969 401 3011 sua
433 2952 549 3031 sponte
583 2947 807 3012 redundarent.
857 2944 966 3030 Atque
993 2942 1055 3008 hae
1083 2944 1137 3007 ille
1165 2943 1227 3025 via,

134 3070 180 3113 am
201 3073 274 3117 rara
297 3055 481 3119 constantia
499 3055 614 3137 tenuit,
637 3075 695 3138 per
714 3054 899 3118 universam
919 3051 1020 3116 vitam
1040 3049 1080 3114 ad
1100 3071 1227 3114 summa

148 3159 309 3240 praeclara
335 3183 480 3246 quaeque
508 3160 702 3226 contendens
725 3161 758 3225 id
782 3164 832 3225 est
854 3162 1061 3240 consecutus,
1089 3160 1127 3221 ut
1153 3178 1226 3222 cum

134 3262 273 3331 editionis
304 3267 419 3332 decore
450 3269 639 3352 prudentiae
672 3268 776 3333 civilis
809 3267 902 3332 laude
934 3265 1121 3330 felicissime
1153 3285 1226 3329 con·

134 3375 194 3436 nea
223 3374 456 3458 propemodum
488 3379 655 3459 exemptus
687 3375 787 3438 fuisse
820 3395 837 3437 e
870 3371 1033 3437 communi
1066 3370 1227 3435 humanae

134 3474 217 3544 ¹lurae
240 3480 464 3545 imbecillitate
488 3482 649 3566 videatur,
673 3483 792 3566 quippe
816 3501 899 3566 quae
923 3478 1066 3563 disparia
1089 3477 1228 3543 consilia

134 3579 267 3671 iniungi
289 3609 439 3652 successu
466 3610 541 3652 raro
572 3611 668 3673 passu
691 3589 742 3653 sit.
788 3588 881 3653 Illius
905 3590 1012 3652 autem
1036 3584 1226 3649 eruditionis

134 3696 205 3756 uun
234 3692 285 3757 vis
317 3696 351 3758 et
383 3694 513 3758 ubertas
545 3694 656 3773 fuerit,
691 3700 848 3780 quantum
884 3695 994 3759 lumen
1027 3697 1060 3757 et
1091 3714 1226 3758 acumen

153 3793 380 3864 diversissimas
408 3805 516 3885 partes
544 3823 651 3866 rerum
680 3801 896 3867 humanarum
920 3800 1078 3866 latissime
1102 3803 1226 3884 patens,

134 3908 206 3969 mu
232 3928 286 3971 ars
313 3910 346 3971 et
374 3908 548 3992 elegantia:
580 3908 658 3974 haee
687 3909 716 3972 si
744 3909 894 3994 persequi
923 3906 1114 3992 explicatius
1141 3928 1225 3971 nunc

134 4012 268 4098 Rrediar,
298 4015 468 4080 verendum
502 4016 544 4080 sit
577 4015 737 4100 prolecto,
769 4038 809 4079 ne
838 4015 970 4079 edocere
1001 4014 1084 4079 velle
1113 4014 1225 4079 doctos

134 4103 200 4184 laer.
254 4119 334 4197 Quis
365 4126 416 4186 est
446 4122 533 4187 enim
567 4123 608 4187 ah
641 4122 843 4188 humanitate
876 4143 940 4186 non
978 4144 1110 4207 prorsus
1148 4122 1224 4186 alie·
1242 4144 1302 4184 vin

134 4238 157 4307 Β,
176 4227 263 4312 quin,
286 4228 481 4315 simulatque
503 4228 733 4296 anaonnrn
756 4252 876 4295 nomen
899 4230 933 4294 in
952 4252 1045 4295 aures
1069 4229 1227 4313 inciderit,

134 4348 160 4397 'o
186 4333 226 4400 de
254 4336 398 4420 perfecto
427 4337 640 4422 omnibusque
671 4338 814 4402 numeris
838 4337 988 4402 absoluto
1012 4337 1226 4421 grammatico

134 4439 218 4526 gitet,
248 4445 359 4528 quales
389 4448 456 4508 tam
487 4466 607 4528 paucos
638 4450 727 4510 aetas
757 4444 901 4508 humana
931 4443 1025 4528 vidit,
1056 4449 1092 4509 ut
1122 4467 1160 4510 eo
1191 4444 1227 4509 in

959 4548 1013 4601 ⁴2*
