2836 5034
139 319 205 384 390
428 333 687 382 r‘rsouuuouuus
709 333 757 380 uu
781 331 994 381 usuroussvs

140 479 283 564 reliquis,
306 477 455 562 idemque
473 479 568 542 unius
587 449 732 562 syllsbee
756 497 943 541 mensurum
967 479 1020 541 set
1041 497 1130 560 ssepe
1147 482 1232 562 nequet

139 589 178 651 ut
200 583 289 650 Trin.
314 584 391 649 260:

140 779 295 834 morionum
319 777 402 832 fidem
426 776 569 846 habentis,
592 778 625 832 ut
650 777 737 832 semel
765 776 890 847 positum
917 792 1058 833 nossem
1083 794 1129 847 pru
1148 793 1192 833 sos
1206 779 1236 849 [d.

141 868 241 938 Opusc.
256 866 326 936 phil.
340 866 367 920 11
381 884 409 935 p.
423 872 475 920 242
486 883 541 934 sq.;
558 865 630 922 Nor.
645 882 703 921 exo.
722 864 765 921 Pl.
780 864 793 918 I
811 884 838 936 p.
853 871 898 920 40.
919 867 993 937 112]‚
1012 866 1098 922 semel
1113 867 1238 936 ss’rrspu,

140 957 169 1011 in
198 956 242 1011 his
275 955 494 1023 subsistendum,
525 970 578 1009 nec
610 953 650 1008 eis
681 953 852 1009 abutendum
885 954 1025 1011 licentius.
1071 955 1155 1021 Quum
1178 960 1239 1011 suen

141 1045 244 1115 multe,
267 1061 339 1114 quae
365 1044 457 1114 prisce
483 1042 537 1098 sibi
560 1042 689 1098 latinitas
713 1041 851 1110 vindicet,
879 1043 938 1098 iem
960 1042 1093 1099 Plautina
1113 1046 1192 1099 across
1207 1060 1240 1100 uu

140 1135 285 1206 potuerint
302 1150 358 1190 non
380 1134 509 1190 obsoleto
531 1149 605 1203 esse,
623 1133 752 1204 intellegi
769 1133 814 1188 vel
832 1133 888 1188 hoo
906 1136 1073 1204 argumento
1091 1135 1181 1203 potest
1193 1132 1240 1202 qusl

141 1224 350 1279 multitudinem
377 1221 570 1277 Pleutinsrum
597 1222 747 1307 formarum
774 1221 836 1291 ipsu
858 1222 1031 1279 Terentiana
1055 1226 1132 1278 setus
1154 1221 1241 1293 repudio

140 1313 195 1382 rit,
222 1313 269 1368 vix
295 1311 396 1383 viginti
424 1328 560 1368 annorum
587 1311 737 1366 intervallo
761 1329 780 1366 u
807 1312 896 1366 morte
923 1310 1020 1366 Plauti
1045 1310 1156 1366 distans.
1189 1311 1244 1365 usu

141 1419 192 1457 neo
214 1403 273 1457 med
296 1402 340 1457 ted
362 1400 466 1456 formes
488 1417 541 1456 nee
565 1400 730 1456 distructum
748 1401 837 1457 muas·
852 1399 1016 1470 genetivum
1035 1400 1174 1456 Terentius
1187 1400 1245 1467 nord

142 1507 193 1547 nec
207 1490 264 1545 elie
278 1507 350 1560 quoe
365 1507 438 1545 nunc
452 1488 584 1561 persequi
597 1489 712 1560 longum
726 1492 776 1558 est,
795 1505 819 1544 e.
834 1506 856 1545 o.
871 1491 990 1545 simitu
1004 1506 1056 1560 pro
1069 1490 1150 1545 simul
1165 1488 1244 1557 dictur,

141 1582 196 1649 qud
215 1580 327 1639 deciens
345 1578 463 1634 Plautus
481 1596 560 1633 usus:
584 1581 648 1634 octo
668 1577 742 1634 enirn
765 1577 900 1649 exemplis
922 1594 940 1632 a
959 1578 1152 1648 Knmprnanno
1171 1592 1247 1646 compe

142 1668 203 1724 sitis
226 1668 281 1724 duo
305 1685 401 1724 versus
425 1668 562 1724 accedunt
585 1669 667 1724 Most.
687 1667 736 1738 111,
755 1674 781 1738 2,
802 1674 852 1723 104
871 1669 901 1723 et
918 1667 1010 1723 Stichi
1028 1663 1249 1738 11,s‚ss,sicll

144 1757 328 1813 Ambrosicno
348 1759 417 1813 duce
437 1756 640 1813 conformandi:

248 1848 309 1917 Ego
328 1848 374 1903 hic
392 1864 453 1903 esse
472 1850 501 1902 et
518 1846 562 1901 ssli
580 1846 675 1902 simitu
692 1847 750 1902 heu
769 1845 860 1917 potlui
880 1846 1002 1918 [simitssr
1019 1848 1078 1902 lsoss
1092 1847 1171 1916 ples
1182 1844 1250 1915 Opus

798 1934 868 2006 phil.
887 1936 926 1990 IV
944 1954 972 2006 p.
992 1935 1068 2006 250}

250 2025 338 2090 immo
363 2033 474 2090 uenisse
501 2018 566 2089 bum
580 2032 676 2090 simitu
689 2034 804 2089 ciebunt
816 2033 872 2089 illis
890 2049 944 2104 ego
957 2034 1014 2089 huo
1027 2033 1109 2090 citus.
1129 2031 1174 2105 [cf.
1183 2031 1252 2101 Opust

592 2188 603 2200 Ι
796 2120 866 2192 phil.
881 2122 907 2176 11
925 2140 952 2192 p.
972 2125 1026 2176 25⁸
1037 2123 1092 2193 ιφ]

143 2214 254 2281 Quanto
278 2215 372 2268 eutem
395 2211 498 2268 setstis
521 2206 671 2268 intervallo
690 2228 708 2265 e
726 2210 867 2279 Terentio.
889 2212 971 2267 tento
990 2211 1039 2267 vel
1057 2210 1144 2267 simili
1160 2209 1254 2266 srtisir

142 2302 262 2359 tervello
285 2303 401 2358 Plautus
423 2302 460 2356 eb
484 2300 596 2370 nequsli
619 2299 693 2370 epici
716 2300 828 2370 generis
850 2302 936 2370 poeto
957 2298 1050 2356 Ennio
1074 2300 1203 2356 discretus
1219 2300 1255 2353 ets

143 2395 172 2447 et
199 2391 267 2446 estis
292 2393 323 2445 et
347 2390 448 2445 celetis
473 2406 491 2444 e
515 2388 656 2457 Lucretio,
679 2387 758 2444 cuins
781 2404 872 2443 sermo
894 2389 1017 2443 nonest
1039 2388 1099 2444 ullo
1123 2388 1201 2445 modo
1214 2402 1257 2443 sn

142 2481 273 2537 Pleutino
297 2478 429 2536 temerius
454 2478 645 2534 conferendus.
687 2478 747 2534 Nec
771 2477 831 2532 fere
856 2477 948 2532 minus
973 2477 1126 2534 discrimen
1149 2477 1213 2533 inter
1230 2475 1257 2531 ls-

143 2569 245 2641 quendi
263 2586 351 2640 genus
360 2568 455 2623 Plauti
473 2567 705 2637 publicorumque
724 2569 967 2622 monumentorum
987 2567 1153 2623 sollemnem
1171 2578 1256 2622 conns·

142 2659 268 2714 tudinem
287 2658 477 2713 intercessisse
496 2674 553 2712 non
572 2659 681 2711 tuntum
701 2658 766 2711 ente
785 2657 904 2711 mortem
927 2657 1029 2726 poetes
1052 2656 1159 2713 sactum
1180 2652 1257 2710 ses

143 2747 328 2802 Bacnualibus
354 2745 401 2801 sed
430 2746 515 2800 etium
544 2745 705 2815 posterioris
734 2744 835 2800 sumtis
859 2745 936 2815 leges
959 2747 989 2800 et
1010 2745 1128 2800 tabulae
1154 2748 1193 2800 tes
1258 2768 1262 2775 ·

143 2837 257 2891 fuciumt.
290 2835 344 2904 [Ex
372 2834 547 2889 Addendis
575 2853 601 2904 p.
626 2848 741 2889 cccxxv
751 2852 826 2903 sqq.:
856 2834 947 2903 ‘quod
971 2851 988 2888 e
1012 2835 1146 2890 Terentio
1168 2834 1201 2889 eli

143 2924 200 2977 dixi
224 2924 389 2977 distructum
412 2924 442 2977 in
467 2930 498 2977 αι’
519 2923 681 2993 genetivum
703 2923 810 2992 primos
834 2922 1042 2991 declinationis,
1066 2923 1096 2977 id
1115 2941 1150 2978 ne
1167 2920 1236 2992 qnis'

143 3011 344 3067 consideratius
364 3012 468 3067 iactum
487 3012 636 3081 existimet,
656 3012 690 3066 de
710 3014 844 3080 quattuor
862 3011 938 3081 locis,
958 3012 1060 3080 quibus
1073 3013 1154 3068 illum
1167 3012 1254 3067 forus!

143 3099 285 3154 Bentleius
304 3100 408 3167 intulit,
427 3100 525 3169 paucis
550 3102 589 3154 sie
613 3100 726 3155 habeto.
763 3101 805 3154 Ac
823 3100 954 3156 vitiosum
973 3100 1121 3156 elisionem
1139 3098 1255 3156 Picens

143 3191 289 3245 ostenderet
308 3188 338 3242 in
356 3189 467 3243 Phorm.
487 3189 534 3257 lV,
549 3195 574 3257 2,
590 3196 604 3243 7
625 3187 764 3257 probabili
778 3205 868 3258 nuper
881 3188 1078 3245 emendatione
1094 3190 1252 3247 Lachmann

144 3280 184 3348 [iu
204 3279 283 3333 Lucr.
303 3297 329 3348 p.
351 3279 414 3348 161]
434 3277 559 3331 sustulit:

356 3367 411 3421 Vbi
429 3366 586 3421 Phaedriae
606 3382 666 3421 esse
685 3366 846 3421 ostenderet
862 3365 951 3422 nihilo
970 3366 1064 3422 minus

356 3457 484 3510 Amicum
503 3472 563 3510 sese
582 3472 667 3524 quum
686 3455 848 3526 Antiphoni.

144 3545 268 3599 Pcrmiro
288 3548 383 3599 sutem
408 3546 565 3599 commento
588 3545 618 3598 in
636 3544 787 3600 Heautcnt
807 3545 841 3614 V,
862 3553 886 3614 1,
904 3552 939 3601 20
958 3547 1102 3603 Bentleius
1121 3565 1154 3604 ne
1173 3542 1249 3616 spu&

143 3632 265 3700 quidem,
285 3634 333 3686 sed
352 3635 445 3702 ipsum
463 3641 580 3702 sposssae'
596 3633 688 3688 voluit
705 3636 771 3688 ante
790 3652 890 3689 aurum
907 3634 1085 3706 trisyllabum
1105 3653 1169 3692 esse.
1199 3625 1246 3688 ud

144 3720 294 3790 quicquum
314 3722 459 3775 molestiae
479 3726 522 3777 est
540 3723 569 3776 in
587 3722 729 3778 tralaticio,
748 3723 896 3793 scripture:

252 3809 375 3878 Sponsae
395 3813 513 3879 uestem,
537 3827 635 3865 eurum
659 3813 743 3880 etque
767 3811 886 3866 ancillas
905 3829 976 3883 opus
995 3831 1068 3870 esse:
1092 3806 1246 3887 argenton!

987 3903 1076 3958 dures.

144 3986 216 4039 Num
241 3987 315 4054 quod
340 3987 388 4041 ille
415 4005 528 4056 prorsus
551 3987 730 4043 invenustum
754 3988 838 4059 dixit,
861 4007 962 4045 aurum
984 3991 1009 4045 si
1028 3992 1067 4045 sit
1083 3993 1141 4047 sine
1157 3988 1246 4045 occentu

144 4075 172 4128 in
191 4091 224 4129 eo
243 4075 345 4128 nimius
364 4075 424 4129 fuit.
452 4076 577 4130 Primum
597 4078 672 4131 enim
691 4079 719 4131 in
739 4080 947 4135 enumeratione
965 4084 1026 4137 tum
1044 4081 1169 4137 similium
1185 4087 1245 4131 rem!

143 4180 199 4216 non
223 4165 266 4217 est
288 4164 414 4233 prolecto
439 4166 499 4218 auri
522 4166 698 4235 potissimum
725 4168 802 4223 notio
828 4169 981 4240 praecipuo.
1003 4172 1031 4226 vi
1057 4171 1115 4225 ulls
1132 4163 1245 4224 olenus

143 4250 267 4319 insignis.
306 4251 412 4307 Deinde
431 4256 525 4309 sutem
551 4256 719 4325 ubicumque
745 4258 810 4328 post
832 4257 957 4328 aliquem
982 4250 1245 4331 interpunctioneud

144 4340 271 4407 quumvis
291 4341 403 4396 brevem
423 4344 622 4411 pronuntiandi
637 4362 754 4416 pausem
768 4364 821 4402 vox
835 4348 870 4403 de
884 4347 996 4420 integro
1012 4348 1124 4417 orditur,
1141 4362 1170 4401 ne
1180 4335 1243 4413 pulli

144 4429 256 4497 quidem
275 4431 304 4485 id
325 4432 500 4501 vocobulum,
519 4450 536 4487 a
555 4451 609 4502 quo
630 4436 745 4505 orditur,
763 4453 877 4507 prorsus
895 4437 1061 4495 delitescere
1074 4423 1241 4506 quemquunil
