2836 5034
137 319 202 384 486
429 330 690 379 uaonnuonnns
716 331 762 377 nu
787 292 998 378 usmoumvs

139 477 251 558 voluit,
274 475 437 539 intensam
461 479 630 558 praestare
650 474 843 538 obscuratae
862 472 1051 558 apparet*):
1073 475 1138 559 pari
1152 478 1241 541 ratione

139 589 237 668 atque
264 607 293 648 v.
318 585 338 646 2
362 604 429 646 non
452 585 548 660 fierem
571 582 660 662 quein
687 581 878 660 sinodicam
902 580 1242 664 collocavit,sed1iuau

23 720 126 760 ccuvn
139 692 206 772 fore
232 711 321 772 quern
347 689 462 765 dacin,
490 687 624 753 tametsi
654 687 727 772 ipsa
746 686 814 767 forc
836 708 916 751 voce
940 686 981 751 ad
1004 689 1185 753 sententiam
1201 691 1244 774 qui-

139 799 211 862 dem
240 797 336 860 facile
367 816 543 859 careamus.
589 792 665 858 Non
696 793 828 878 gravior
856 794 932 858 darc
963 794 1057 860 notio
1088 800 1137 860 est
1163 795 1192 860 iu
1214 796 1247 860 bis

138 905 265 967 raetiam
294 904 358 966 ium
385 904 460 967 dore
484 904 579 985 pastio
603 924 631 966 v.
655 902 736 966 325:
765 923 869 984 neque
897 901 985 965 enim
1013 901 1064 966 vel
1093 901 1200 967 dandae
1216 925 1248 966 ne

140 1008 327 1093 gandaeque
360 1009 411 1071 vel
446 1008 604 1091 petendae
636 1007 824 1091 dandaeque
865 1007 1031 1090 oppositio
1069 1009 1107 1073 fit
1140 1010 1206 1074 ulla:
1230 1017 1251 1072 et

140 1120 249 1178 tamen
273 1120 330 1178 aut
352 1116 477 1179 ueniam
499 1113 575 1178 deire
595 1115 661 1178 inm
691 1118 748 1178 aut
770 1114 845 1179 drtrc
868 1115 934 1178 mm
955 1114 1136 1199 ucrrwm**)
1158 1119 1252 1199 poetan

141 1221 294 1286 maluisse
317 1221 379 1304 ipsi
403 1221 528 1286 codices
552 1220 647 1284 fidem
672 1220 796 1285 faciunt
815 1220 847 1284 A
871 1225 903 1285 et
925 1220 964 1286 B.
989 1219 1144 1287 Similiter
1165 1246 1191 1287 v.
1206 1223 1255 1300 898,

141 1329 270 1394 etiamsi
301 1349 366 1391 non
396 1327 534 1392 vitiosus
565 1332 651 1392 esset
681 1327 856 1411 spondeus,
886 1331 997 1392 tamen
1028 1329 1190 1393 ferendum
1213 1352 1284 1417 noug

141 1440 226 1499 esset
252 1424 307 1499 seio
336 1434 434 1517 parati
463 1435 537 1498 darc
567 1435 731 1516 epistulmn
762 1456 822 1518 pro
853 1434 929 1500 deire
959 1433 1016 1500 suo
1050 1437 1145 1518 placito
1174 1440 1256 1519 epista-
1282 1420 1284 1425 Ι

142 1539 288 1626 lom.***)
325 1541 492 1624 Imprimis
512 1544 616 1624 aptae,
639 1541 756 1626 quibus
781 1540 876 1605 huius
896 1541 1124 1606 concinnitatis
1144 1543 1259 1608 studiun

142 1649 272 1729 eniteat,
296 1649 378 1712 tales
402 1647 582 1712 locutiones
606 1653 685 1711 sunt
707 1669 788 1732 quae
808 1671 868 1712 usu
888 1649 1047 1714 sermonis
1067 1648 1263 1735 frequentatae

143 1759 330 1820 constanter
349 1756 498 1819 accentus
519 1758 660 1838 servant,
683 1758 720 1818 ut
743 1755 867 1836 operam
889 1754 965 1818 deire
988 1756 1040 1819 vel
1062 1757 1139 1821 deire
1160 1780 1266 1840 ulman,

143 1865 224 1927 item
248 1863 323 1943 opus
346 1867 397 1927 cst.
431 1861 526 1926 Vnde
545 1862 716 1945 dupliciter
734 1863 768 1927 in
788 1865 893 1925 artem
913 1867 1050 1945 peccant
1068 1863 1147 1928 libri
1166 1887 1193 1928 v.
1211 1865 1268 1929 583:

146 1969 193 2034 De
215 1970 281 2033 dote
304 1974 339 2032 at
365 1969 470 2033 rridraeat
498 1971 575 2050 qnid
600 1990 677 2050 opace
698 1973 740 2034 sit
764 1971 863 2050 facto:
893 1947 917 2038 I'
937 1971 1034 2048 modo,
1057 1992 1133 2035 cunr
1156 1971 1195 2035 ad
1216 1991 1270 2055 opu

144 2082 182 2142 et
204 2078 286 2158 facto
309 2077 378 2142 sina
403 2077 471 2141 ulla
492 2077 687 2141 necessitate
711 2078 863 2161 depressa
886 2078 1018 2143 accedat
1041 2082 1173 2162 praeter
1194 2079 1272 2143 ratio

144 2207 219 2249 nem
242 2185 407 2250 intensum
430 2186 482 2248 sit:
512 2185 662 2268 quocirca
690 2185 777 2249 baud
801 2189 993 2250 cunctanter
1016 2187 1284 2271 transponendum·

143 2291 207 2355 fuit
229 2292 306 2372 quid
325 2291 410 2383 facto
430 2291 506 2372 opus
528 2293 581 2354 sit:
609 2313 686 2354 narn
715 2291 884 2355 minimam
913 2313 951 2355 ex
979 2291 1045 2355 illis
1070 2294 1206 2358 vocibus
1228 2315 1277 2358 orn

144 2398 239 2462 nibus
263 2397 328 2461 vim
357 2396 457 2460 babet
483 2397 573 2475 facto.
620 2396 801 2489 Fatendum
824 2401 1006 2462 esttamen
1030 2400 1195 2482 quaedam
1217 2421 1278 2464 saue

145 2505 225 2569 adeo
250 2504 325 2569 exili
349 2503 483 2567 notione
508 2525 591 2584 esse,
619 2508 656 2568 ut
684 2527 723 2569 ne
748 2527 820 2568 curn
844 2527 971 2569 summa
993 2507 1187 2571 intendendi
1210 2529 1278 2571 com·

146 2613 302 2676 moditate
326 2610 456 2694 quidem
480 2612 686 2675 coniunctam
711 2617 862 2676 accentus
883 2614 1112 2676 necessitatem
1139 2614 1278 2678 habeant:

145 2742 208 2803 quo
232 2718 344 2781 multis
369 2719 401 2781 in
427 2718 505 2782 locis
530 2719 643 2781 leviter
673 2720 783 2782 addita
810 2742 870 2802 epo,
899 2721 987 2803 nothi,
1017 2721 1073 2784 tibi
1102 2723 1279 2803 pronomina

146 2826 318 2909 pertinent.
364 2824 464 2887 Velut
489 2824 570 2887 nibil
596 2828 645 2887 est
670 2826 754 2909 quod
778 2826 818 2889 ad
843 2826 1014 2908 positionis
1039 2828 1277 2911 elegantiarum

145 2934 196 2997 his
224 2932 424 2996 desideretur
453 2954 480 2995 v.
504 2934 577 2995 874.
601 2932 680 2994 95³5:
708 2935 762 3012 qni
789 2933 846 2996 luis
872 2933 950 2996 anibi
977 2935 1060 2996 ‹aun
1087 2938 1277 3016 apislnluset

144 3045 200 3121 qui
231 3039 308 3103 arilei
339 3042 395 3102 tris
425 3040 567 3102 acerrumis
597 3041 690 3102 dedit:
725 3041 932 3122 quantumvis
966 3041 1054 3104 facili
1090 3065 1192 3125 opera
1222 3062 1275 3105 cun

146 3146 334 3210 Hermanno
366 3150 561 3228 transponas
591 3146 648 3209 luas
679 3147 757 3209 milri
786 3149 840 3228 qni
868 3149 950 3211 aaa
979 3150 1129 3228 epistulae
1159 3155 1191 3212 el
1218 3146 1276 3210 mali

145 3256 199 3334 qni
227 3257 284 3317 tris
312 3252 453 3316 vertumnis
480 3253 569 3315 (ledit.
598 3289 634 3297 —
662 3252 813 3317 Ceterum
842 3255 874 3317 in
904 3254 976 3318 aliis
1008 3278 1106 3338 saepe
1132 3256 1272 3320 lenissimo

147 3360 285 3424 artificio
310 3360 390 3422 illud
415 3359 555 3422 eflicitur
579 3364 615 3430 ut
639 3383 655 3422 e
680 3361 764 3424 thesi
789 3362 821 3423 in
847 3362 945 3425 arsim
965 3363 1184 3427 transferatur
1201 3383 1267 3426 rora·

146 3467 265 3530 bulum.
312 3467 409 3530 Velut
439 3470 471 3530 et
499 3466 594 3529 boreus
623 3471 655 3529 et
683 3490 781 3551 seint-a,
810 3492 1005 3552 quamquam
1035 3472 1187 3552 opposita
1208 3470 1266 3532 inlu

148 3597 190 3655 se,
214 3573 408 3636 delitescunt
432 3575 463 3636 in
488 3574 652 3637 tralaticia
676 3575 780 3656 specie
806 3598 916 3639 versus
944 3578 1042 3639 1064:
1066 3577 1106 3639 Si
1128 3585 1218 3640 boreus
1234 3575 1264 3637 nt

147 3681 293 3743 obliquius·
321 3702 402 3762 arcera,
434 3685 485 3743 siu
507 3702 591 3744 scens
613 3686 668 3762 rat,
697 3682 813 3760 sociam
845 3683 877 3743 u't
899 3702 1013 3745 errones:
1047 3684 1160 3747 eadem
1184 3680 1261 3746 stetin

16 3813 131 3851 currum
148 3792 331 3869 emergunt,
365 3789 417 3851 ubi
448 3789 626 3871 scripturae
656 3789 870 3851 variationem
902 3789 948 3853 eis
978 3788 1163 3854 adhibueris
1192 3787 1260 3870 ipsiu

149 3890 354 3971 antiquitatis
383 3895 615 3958 consuetudine
649 3894 830 3977 flagitatam
859 3899 888 3958 si
914 3897 1024 3959 borrrist
1050 3902 1084 3959 et
1112 3902 1160 3961 sin
1185 3894 1259 3959 snit

149 4019 212 4079 quo
237 3998 323 4061 facto
349 4000 450 4062 solum
477 4003 508 4063 in
534 4002 618 4064 thesi
644 4006 770 4065 restans
792 4003 911 4079 lorium
933 4026 997 4066 uon
1023 4007 1167 4086 postulat
1189 4004 1257 4065 inleu

236 4172 261 4237 *)
283 4173 361 4241 [‘Pro
382 4190 436 4226 uno
456 4177 591 4230 vocabulo
611 4182 654 4230 eat
668 4193 755 4245 prope
775 4193 814 4229 me
834 4194 909 4230 more
928 4177 1066 4246 antiquo'
1089 4179 1185 4248 Triustl

217 4259 258 4326 **)
280 4262 321 4329 l‘ln
342 4261 383 4315 ed.
403 4262 451 4315 alt.
472 4263 544 4317 hane
568 4264 671 4318 codicis
691 4265 715 4317 Α
737 4264 905 4334 scripturam
925 4266 970 4319 vix
990 4268 1067 4320 recte
1087 4285 1115 4321 se
1133 4267 1172 4361 idi
1189 4256 1253 4329 aequi·

147 4365 258 4415 parasse
279 4350 446 4404 ltitschelius
467 4352 558 4421 vidit]

163 4442 170 4459 ¹
218 4436 273 4505 aaa)
294 4439 419 4507 l‘parum
443 4439 532 4506 perite
556 4441 689 4495 reiectum
709 4460 726 4496 a
745 4443 880 4497 Muellero
904 4443 938 4497 de
959 4462 1032 4513 pros.
1052 4463 1079 4514 p.
1099 4443 1165 4498 21³!
1183 4430 1249 4493 lbbli
