2836 5034
131 333 210 397 '424
434 345 697 397 aaohaaouaur
722 345 769 394 nn
792 344 1008 394 almomavs

234 491 310 557 Sine
333 492 421 555 ultro
444 491 565 575 ueniat,
589 490 760 575 quaeritet,
783 487 947 573 desideret,
972 491 1139 573 exspectet

143 635 285 700 Rursum
313 634 364 698 his
394 632 549 717 exemplis
578 633 691 715 fretus,
719 631 874 717 quoniam
907 652 966 716 par
994 632 1079 698 ratio
1106 633 1181 697 inter
1200 635 1248 717 tuo

146 744 219 826 tepet
241 745 338 826 atque
361 741 447 805 inter
469 742 523 805 des
549 741 599 804 det
620 739 805 822 intercedit,
832 761 899 803 non
928 738 1043 824 dubito
1072 741 1163 805 etiam
1183 742 1249 805 oudtt
1307 778 1310 783 ,

148 849 303 915 creticum
328 847 435 932 potius
459 847 545 911 tueri
568 847 602 910 in
625 845 742 911 Bacch.
765 844 822 930 IV,
846 847 876 930 8,
901 847 958 911 70:

236 989 337 1056 Satin',
362 992 423 1073 est,
447 991 475 1054 si
498 990 592 1072 plura
616 1012 654 1054 er
677 1011 727 1054 me
751 989 861 1054 audiet
885 989 983 1055 hodie
1007 990 1101 1073 mala,

148 1158 244 1222 quam
268 1133 470 1198 tribrachum
495 1128 648 1217 quartani
670 1133 801 1216 pedem,
829 1131 974 1198 iambum
1003 1137 1113 1198 autem
1139 1155 1191 1217 pro
1210 1155 1260 1197 ane

146 1245 260 1327 paesto
285 1241 434 1324 quintum
453 1239 671 1323 interpretari.
692 1275 733 1285 -
753 1238 814 1303 His
834 1245 942 1304 autem
962 1240 1179 1304 fundamentis
1195 1239 1264 1303 iaetu

147 1348 250 1413 audeo
279 1345 430 1431 progredi
459 1345 590 1430 longius
619 1350 652 1409 et
680 1345 766 1409 ultra
797 1346 993 1411 coniunctivi
1014 1347 1140 1436 ‘formas
1163 1347 1268 1412 inresti-

147 1460 243 1540 gatae
272 1453 409 1518 rationis
437 1454 517 1517 fines
546 1473 750 1535 promovere:
779 1474 975 1537 quamquam
1003 1454 1110 1518 fateor
1136 1477 1200 1519 non
1223 1455 1273 1518 sin

148 1561 323 1626 timiditate
346 1580 397 1622 me
422 1557 548 1640 audere,
572 1562 605 1621 et
628 1558 749 1623 rationi
773 1559 1053 1643 obtemperantem
1077 1562 1182 1648 magis
1200 1583 1279 1647 quan

148 1666 401 1751 morigerantem
430 1664 546 1728 sensui.
592 1663 678 1729 Nam
707 1686 770 1749 quo
802 1664 974 1730 affinitatis
1002 1665 1135 1732 vinculo
1163 1669 1283 1733 selbot

147 1773 234 1854 uelit,
261 1773 305 1837 sis
334 1776 368 1835 et
395 1773 450 1855 sit,
477 1772 530 1837 des
557 1775 591 1834 et
616 1773 678 1850 det,
707 1793 770 1856 quo
800 1773 882 1855 lepos
905 1773 1042 1855 tequam
1065 1777 1099 1837 et
1123 1775 1211 1861 legat,
1237 1798 1283 1859 quo

150 1880 287 1960 loquoris
315 1879 459 1960 loquutur
486 1882 519 1943 et
548 1879 672 1961 loquar,
701 1878 812 1942 eodem
841 1879 1000 1943 contineri
1028 1901 1120 1946 antus
1149 1888 1182 1945 et
1209 1888 1286 1965 aaut

149 2007 253 2050 litones
276 1989 309 2049 et
331 1990 440 2063 mordet,
462 1986 554 2049 audis
578 1989 610 2049 et
633 1986 722 2051 audit
740 1984 976 2050 eoncedendum
997 1990 1055 2051 est.
1089 1986 1199 2073 Igitur
1217 1988 1286 2075 qnod

12 2117 134 2157 nxxx1v
150 2093 184 2156 in
214 2092 279 2156 illis
307 2092 444 2174 factum,
473 2091 512 2156 ad
541 2093 601 2157 hos
631 2114 758 2177 quoque
787 2092 979 2158 indicatiros
1008 2095 1209 2176 pertinuisse
1235 2102 1287 2161 lan

149 2205 199 2264 est
223 2204 488 2282 consentaneum,
518 2222 615 2284 quam
643 2200 763 2265 rationi
792 2221 975 2285 repugnans
1004 2200 1204 2284 productum
1231 2202 1292 2287 ἱερὴ

148 2307 201 2372 rel
232 2308 310 2390 lepit.
356 2306 464 2392 Atque
495 2311 574 2371 nata
603 2328 675 2371 esse
705 2307 763 2371 illa
794 2308 904 2372 onmia
933 2306 1045 2391 aliqua
1077 2310 1290 2375 contractione

148 2413 297 2479 binarum
325 2414 484 2478 vocalium
514 2417 656 2497 constat,
683 2436 709 2479 e.
738 2436 762 2479 o.
789 2425 878 2478 amos
906 2435 944 2477 ex
971 2414 1115 2496 arnt-ts,
1151 2423 1237 2481 amat

148 2521 286 2602 antri-tt,
315 2531 422 2583 aarum
452 2541 489 2583 ex
520 2520 679 2584 omri-tre:
711 2519 794 2584 nihil
824 2523 931 2585 autem
960 2526 1170 2587 contractum
1200 2525 1293 2589 estin

149 2628 260 2710 lep-te,
290 2628 401 2708 lep-ts,
431 2627 543 2709 lep-tre.
589 2627 678 2710 Ergo
709 2648 774 2690 non
806 2626 915 2710 aliqua
945 2627 1078 2691 lieentia
1108 2632 1292 2713 productura

149 2738 199 2797 est
228 2735 296 2816 seit,
331 2735 357 2796 si
394 2738 443 2797 est
477 2734 683 2817 productum,
718 2735 773 2797 sed
810 2734 996 2817 prosodiam
1027 2757 1043 2798 e
1076 2740 1294 2803 contractione

149 2841 382 2905 consectariam
407 2842 561 2905 servavit:
589 2844 626 2923 fit
648 2846 769 2922 autom,
799 2841 883 2924 quod
908 2864 927 2904 a
948 2841 1000 2921 sto
1023 2839 1104 2926 (non
1129 2846 1200 2928 sto)
1220 2845 1294 2909 duci·

149 2951 210 3029 tur,
235 2969 274 3010 ne
297 2947 405 3031 potuit
428 2947 555 3031 quidem
586 2946 674 3010 brevi
700 2948 803 3011 vocali
824 2948 873 3028 fit
895 2947 970 3031 dici,
999 2953 1035 3011 ut
1059 2950 1147 3014 nihil
1173 2972 1295 3037 proram

152 3054 316 3138 singulare
341 3055 383 3116 sit
407 3054 440 3116 in
464 3053 556 3137 Capt.
580 3054 660 3137 prol.
686 3077 712 3117 v.
736 3055 792 3118 25:
1308 3050 1310 3057 ¹

239 3194 283 3259 Vt
304 3196 346 3276 stt
368 3197 401 3260 in
425 3195 521 3278 bello,
545 3197 670 3280 capitur
694 3197 775 3260 alter
799 3196 901 3260 lilius.

149 3337 212 3402 Sed
240 3343 276 3401 ut
303 3341 371 3420 seit,
400 3339 446 3401 ita
474 3339 654 3422 posteriore
682 3341 788 3402 aetate
817 3339 935 3421 corripi
959 3340 1093 3404 solitum
1120 3345 1148 3406 it
1173 3346 1298 3431 longam

149 3445 312 3529 syllabam
336 3444 436 3508 habet
459 3443 550 3509 Cure.
575 3443 631 3527 lV,
656 3446 685 3525 2,
709 3446 745 3509 3:

1307 3506 1310 3539 l

237 3586 342 3652 Nemo
368 3592 391 3650 it
414 3589 547 3652 infitias.
594 3570 749 3653 littamen
775 3587 1031 3651 meliusculumst
1055 3596 1210 3660 monere:
1307 3584 1310 3597 ¹

150 3729 323 3813 eodemque
347 3732 472 3795 ratione
495 3732 570 3795 solet
592 3734 625 3793 et
649 3731 728 3794 tutet
751 3734 783 3793 et
805 3731 939 3811 afflictat
961 3729 1060 3796 Mero.
1080 3732 1145 3819 ΙΙΙ,
1166 3742 1198 3822 4,
1219 3742 1299 3821 (33³)

148 3836 204 3919 IV,
227 3838 256 3919 2,
281 3838 309 3900 5.
334 3836 415 3900 Rud.
442 3836 479 3920 V,
503 3839 533 3920 2,
556 3833 615 3923 461:

238 3977 304 4042 Cur
335 3980 419 4043 istuc
452 3981 583 4062 coeptas
612 3979 806 4044 consilium?
854 3980 936 4057 Quia
964 3983 1053 4047 enim
1084 4009 1141 4051 me
1173 3990 1301 4055 afflictet

897 4111 997 4153 amor.
1168 4083 1175 4095 '

239 4192 323 4257 Solet
345 4194 495 4258 hortator
518 4195 656 4278 remiges
681 4194 850 4258 hortarier.

238 4385 263 4454 ²¹¹)
285 4385 357 4456 [Quo
382 4387 443 4440 loco
461 4385 632 4440 Bitschelius
653 4386 746 4440 addit:
774 4387 858 4440 ‘earo
886 4387 1103 4446 Lachmannum
1125 4396 1157 4449 in
1176 4397 1255 4451 Luer.
1273 4396 1303 4451 l'.

151 4479 201 4527 396
222 4475 371 4542 sequare.']
