2836 5034
299 316 364 380 428
590 331 853 379 nnonnoonann
876 331 923 377 nu
947 328 1158 377 narronmvs

389 473 489 540 Satin’
514 496 574 560 ego
599 473 700 538 oculis
723 473 821 557 plane
844 474 956 539 acideo?
980 473 1062 538 c'stnc
1083 471 1177 558 hic*)
1207 493 1250 536 an
1279 495 1319 538 no}

938 581 967 645 is
991 583 1049 645 cst.

140 709 309 749 cuxxxmn
390 688 525 754 Miseria
559 711 624 753 uua
659 686 718 753 uui
746 687 875 772 quidem
905 688 1062 753 hominist
1091 686 1226 767 ciffutim.
1259 685 1319 753 CH.

939 793 1015 865 huic
1037 799 1228 878 parumst:

264 939 266 946 ,
299 978 363 1040 quo
388 977 482 1021 versu
506 957 561 1042 qui
584 956 690 1020 verbis
709 956 920 1040 transpositis
938 958 1033 1021 immo
1054 956 1127 1021 haic
1148 962 1319 1039 culparum

299 1068 426 1145 serunt,
455 1068 626 1127 suaserunt
655 1064 739 1148 quod
771 1063 970 1128 concinnitas
999 1062 1165 1127 dissuadet
1190 1063 1276 1127 inter
1302 1063 1319 1127 h

299 1171 479 1256 proximum
513 1191 639 1234 versum
669 1170 884 1234 intercedens:
915 1170 1000 1233 Nom
1029 1172 1058 1236 si
1081 1156 1143 1253 quo
1167 1172 1302 1252 pcccatis

298 1281 390 1343 ducat
407 1298 526 1361 cruores,
543 1281 725 1359 paruum.
759 1273 887 1340 Servari
905 1275 1015 1341 hiatus
1035 1276 1135 1342 ctiam
1155 1299 1183 1341 v.
1201 1279 1264 1342 790
1283 1300 1319 1361 pc

388 1436 520 1500 Paterni
543 1435 672 1521 signum
695 1436 789 1501 nosse.
813 1434 887 1500 ΜΕ.
909 1437 1002 1500 ctiam
1025 1439 1060 1500 tu
1084 1425 1196 1501 taces?

298 1598 362 1663 nisi
380 1601 449 1662 tam
468 1597 619 1682 frequens
639 1598 673 1662 iu
692 1597 856 1663 codicibus
879 1618 968 1663 ocosse
990 1602 1024 1662 et
1045 1600 1168 1663 narcisse
1191 1596 1244 1684 (ut
1259 1600 1319 1663 ud

298 1706 385 1769 noris
408 1707 440 1767 et
463 1699 618 1788 resumis(
642 1707 656 1767 t
674 1725 702 1768 v.
722 1701 803 1789 952)
821 1703 1001 1768 formarum
1020 1705 1218 1789 permutatio
1240 1714 1319 1771 esset

299 1812 334 1875 in
364 1816 536 1894 utramque
566 1813 692 1894 partem
723 1811 847 1893 valens,
879 1815 915 1874 ut
943 1810 1008 1876 ista
1039 1810 1168 1895 quidam
1200 1813 1255 1877 vix
1286 1814 1319 1877 ul

299 1918 382 1983 tatio
407 1920 500 1982 essct.

389 2025 527 2089 Omnino
552 2025 637 2089 enim
662 2025 716 2109 qui
741 2029 827 2090 recte
851 2024 994 2090 iudicare
1018 2026 1056 2091 de
1079 2025 1172 2091 hiatu
1191 2029 1290 2110 volet,
1315 2029 1319 2091 j

299 2133 413 2217 primis
437 2136 547 2196 teneat
571 2136 709 2215 oportet,
732 2154 798 2196 non
822 2133 966 2217 aliquam
988 2133 1185 2218 elegantiam
1206 2135 1319 2200 hiatur

299 2238 491 2323 pretandum
519 2260 602 2321 esse,
636 2261 699 2323 qua
728 2239 881 2305 delectati
910 2240 976 2304 siut
1003 2243 1120 2323 poetae
1149 2246 1182 2305 et
1213 2264 1315 2325 quarn

300 2368 399 2428 opera
421 2345 537 2409 sectati
561 2345 638 2428 sint,
666 2345 723 2409 sed
751 2345 915 2410 licentiam
945 2368 1040 2431 qnam
1068 2345 1265 2413 indulserint
1292 2350 1319 2413 si

298 2476 363 2518 non
386 2451 483 2516 nimis
507 2450 626 2514 habere
655 2451 844 2516 offensionis
874 2452 1043 2517 videretur.
1091 2450 1172 2518 Cum
1202 2459 1317 2519 autem

298 2561 403 2625 omnis
426 2559 516 2623 nulla
540 2559 602 2622 alia¹
625 2560 659 2622 in
684 2582 717 2621 rc
742 2560 901 2624 consistat
923 2560 986 2624 nisi
1011 2561 1043 2625 in
1074 2563 1256 2647 neglecta
1282 2586 1319 2627 co

298 2692 368 2732 rum
399 2666 631 2731 vocabulorum
663 2689 701 2729 cn-
731 2666 799 2729 sivc
830 2667 999 2731 elisione
1034 2669 1101 2732 sivo
1132 2670 1316 2752 synaloepli

298 2774 377 2838 adco
398 2773 577 2836 assuevisse
597 2773 743 2857 linguam
764 2773 900 2837 latinam
920 2774 1048 2857 scimus,
1073 2797 1159 2839 recuro
1181 2783 1213 2838 ul
1232 2783 1298 2839 turn

297 2885 371 2944 essct
392 2881 446 2960 qai
468 2880 587 2942 *rcoculcs
610 2880 702 2942 nollet
724 2880 912 2962 coriirrnperc,
936 2886 972 2943 ut
997 2887 1041 2944 ait
1065 2879 1178 2945 Oiccro
1203 2882 1296 2946 Orat.

298 2986 506 3070 consequitur
535 2985 641 3048 minus
671 2984 857 3049 offensionis
887 2985 1013 3050 hiatum
1042 2988 1088 3051 ibi
1113 2987 1244 3069 habore,
1270 2990 1319 3052 ubi

298 3093 384 3156 modi
418 3091 648 3175 synaloepham
682 3091 783 3174 ipsius
824 3092 928 3156 vocis
962 3115 1080 3176 pausa
1113 3098 1170 3157 aut
1203 3116 1271 3157 non
1305 3120 1318 3179 1

297 3198 366 3261 lieri
390 3203 446 3262 aut
470 3198 614 3282 patiatur
637 3220 703 3261 non
723 3199 801 3262 fieri.
835 3199 1035 3281 Quamquam
1059 3200 1144 3263 lianc
1165 3201 1319 3284 bipertita

297 3305 504 3388 secutionem,
529 3330 625 3390 qnam
650 3306 855 3370 ratiocinatio
879 3307 1092 3388 commendat,
1116 3307 1285 3371 fatendum
1311 3336 1319 3372 ‹

298 3414 506 3496 comprobare
536 3436 639 3477 usum.
685 3413 770 3477 Nam
800 3418 836 3476 ut
863 3435 927 3477 uno
957 3414 1053 3478 vcrbo
1083 3415 1202 3497 (licam,
1234 3418 1319 3479 ctian

248 3496 260 3511 Ι
296 3519 390 3583 nobis
414 3541 511 3603 quam
536 3520 676 3584 maxime
699 3519 881 3583 necessaria
905 3520 1050 3583 videatur
1073 3524 1306 3603 pronuntiandi

297 3629 404 3688 tamen
420 3627 648 3690 necessitatem
668 3627 794 3708 quidem
815 3626 1034 3711 neglegendae
1054 3627 1200 3691 elisionis
1222 3630 1273 3693 vix
1295 3654 1319 3692 u:

385 3905 410 3974 ²⁸)
434 3907 524 3975 [ipsus
547 3908 576 3960 in
600 3908 642 3961 ed.
667 3908 715 3961 alt.
742 3926 804 3960 cum
827 3909 881 3962 hac
912 3909 1106 3964 annotatione:
1140 3911 1235 3979 ‘ipsus
1256 3911 1319 3964 BCl

295 3995 444 4063 probatum
464 4013 480 4047 a
499 3996 679 4050 l'leclreiseno
698 3999 768 4051 Anu.
784 3997 852 4066 phil.
864 4003 883 4052 t.
901 4005 933 4051 93
954 4000 988 4066 (a.
1006 4000 1085 4064 1866)
1105 4016 1132 4068 p.
1154 4007 1196 4054 61.
1218 4002 1261 4054 tic
1279 4002 1310 4059 A.

296 4101 400 4137 morem
420 4084 597 4140 Plautinum:
617 4104 667 4156 pro
687 4105 741 4155 quo
760 4089 785 4141 is
804 4088 1006 4142 substituebam
1027 4089 1136 4159 Proleg.
1158 4109 1185 4159 p.
1206 4102 1316 4145 cccxxii

368 4177 410 4240 **)
431 4174 483 4245 [cf.
499 4175 672 4230 Fleckciucui
688 4176 722 4228 dc
741 4192 817 4229 nosse
835 4192 939 4229 rzoascm
957 4175 1046 4229 forma
1064 4194 1118 4230 non
1135 4177 1264 4232 Plautino
1282 4178 1319 4229 obs

297 4263 379 4328 (Anu.
395 4264 463 4332 phil.
479 4266 499 4317 t.
516 4270 548 4318 95
566 4268 593 4333 [a
618 4265 697 4335 1867]
714 4282 739 4333 p.
757 4270 808 4317 632
824 4265 910 4333 anu),
931 4281 986 4332 qua
1005 4265 1103 4319 ductus
1122 4266 1288 4321 Ritschelius
1304 4265 1319 4318 ir

297 4351 332 4403 ad
351 4369 375 4406 v.
396 4357 447 4406 952
468 4367 637 4419 quamquam
663 4369 717 4406 non
741 4353 887 4407 immemor
910 4353 1050 4408 Ciceronis
1071 4356 1147 4412 Orat.
1172 4361 1253 4423 §15⁷
1271 4369 1319 4406 reu

297 4455 351 4492 non
370 4440 459 4507 magis
478 4439 612 4493 Plautina
629 4441 665 4494 sit
683 4443 760 4494 noris
777 4441 888 4509 forma]
