2836 5034
234 317 298 380 716
462 325 697 374 nurmmscim
719 310 944 390 ansearius,
966 323 1162 390 uenustus,

419 472 592 536 Tantaiust.
637 469 743 546 valete,
767 468 837 533 boae
858 488 923 532 rem
942 468 1038 549 qerite
1060 470 1090 531 et
1111 467 1217 532 vincite

423 579 542 644 Virtute
563 599 648 657 vera,
671 578 753 659 qaod
771 576 886 657 fecistis
907 573 1063 640 amuda.

371 899 405 981 d)
434 899 488 963 Im
512 897 754 965 Prooemium
783 899 846 963 des
870 896 1136 963 Sommersem
1160 897 1244 962 1842

473 1023 525 1108 (de
549 1028 645 1107 porta
667 1022 769 1089 Metia
792 1046 822 1108 q.
846 1023 867 1086 f.
890 1023 980 1086 urbis
1004 1018 1150 1108 Romae).

326 1164 420 1230 Novo
445 1166 591 1250 exemplo
614 1188 673 1230 uec
696 1167 830 1250 cognitu
858 1170 896 1230 ut
918 1164 1115 1230 arbitramur
1138 1162 1307 1228 iniucunda
1327 1164 1360 1227 in·

238 1271 423 1352 tellexistis‚
451 1273 535 1337 cives
559 1273 734 1357 carissimi,
762 1273 922 1357 quamsit
944 1293 1012 1337 non
1036 1269 1133 1336 modo
1156 1269 1362 1335 inhominem

239 1377 308 1441 vita
331 1379 502 1462 communi,
526 1379 581 1444 sed
605 1381 638 1444 in
658 1379 776 1445 litteris
797 1400 923 1464 quoque
944 1373 987 1444 et'
994 1378 1214 1463 periculosum
1235 1381 1268 1442 et
1286 1399 1364 1462 saepe

239 1483 457 1567 perniciosum
481 1486 698 1569 exaedificare,
721 1507 802 1570 quae
826 1507 892 1550 non
916 1485 983 1550 sint
1005 1483 1119 1549 solidis
1144 1489 1178 1549 et
1197 1485 1287 1549 omni
1304 1506 1366 1550 eura

239 1592 438 1657 confirmatis
475 1591 694 1658 fundamentis
738 1596 968 1678 superstructa.
1028 1590 1099 1656 Hoc
1136 1590 1241 1676 igitur
1277 1595 1369 1656 curate

239 1702 368 1780 praeter
390 1702 505 1783 cetera,
530 1699 585 1784 qni
608 1699 763 1764 inservire
787 1696 961 1783 aliquando
986 1697 1053 1762 sive
1072 1696 1160 1761 vitae
1180 1697 1295 1762 usibus
1316 1696 1370 1761 sive

241 1804 333 1868 bonis
363 1804 484 1870 litteris
513 1807 644 1891 cupitis,
677 1811 713 1871 ut
740 1806 835 1872 firma
862 1826 947 1870 nunc
974 1803 1187 1869 fundamenta
1219 1803 1371 1869 doctrinae

240 1911 377 1977 iacietis.
431 1911 531 1979 Cuius
564 1913 692 1979 consilii
724 1913 867 1977 effectrix
899 1915 1008 1975 vestra
1040 1910 1187 1995 ipsorum
1221 1912 1372 1976 eontentio

240 2019 311 2102 erit,
335 2018 476 2084 adiutrix
501 2025 608 2085 autem
632 2042 743 2085 earum
767 2020 950 2084 scholarum
974 2018 1078 2102 copie,
1101 2039 1183 2102 ques
1204 2018 1239 2082 in
1259 2040 1373 2104 quoque

241 2145 360 2209 genere
384 2126 469 2191 inira
491 2126 676 2211 propositas
700 2125 838 2190 hebetis.
885 2124 1008 2202 Quibus
1031 2125 1078 2188 ita
1101 2123 1245 2207 utimini,
1267 2129 1304 2189 ut
1325 2147 1373 2208 par

240 2230 313 2296 inde
337 2233 376 2296 ed
400 2254 460 2298 nos
483 2234 636 2317 voluptas
660 2238 758 2318 atque
782 2231 822 2298 ad
846 2254 903 2296 vos
922 2230 1049 2297 utilitas
1068 2229 1240 2295 redundet
1263 2230 1374 2297 Vatete.

732 2432 766 2438 —.
772 2432 891 2439 o———-

383 2552 413 2639 e)
437 2554 490 2618 lm
516 2554 756 2619 Prooemium
781 2553 845 2617 des
871 2551 1132 2617 Sommersem.
1160 2553 1246 2617 1843

530 2679 581 2762 (de
607 2684 697 2742 actae
722 2678 904 2742 Trinummi
928 2674 1097 2762 tempore).

332 2822 392 2886 Sed
416 2824 493 2886 satis
515 2821 757 2885 historiurmust:
791 2825 893 2885 restat
922 2821 1008 2886 enim
1032 2825 1068 2884 ut
1091 2821 1201 2901 vobis,
1230 2818 1371 2883 carissimi

241 2930 493 3009 commilitones,
523 2933 712 3011 vestraeque
737 2927 915 2991 industriae
939 2948 1049 2990 earum
1074 2927 1264 2991 scholarum
1290 2926 1370 2990 varie

241 3042 342 3100 tatem
367 3035 636 3117 commendemus,
660 3057 740 3118 quas
764 3034 851 3097 infra
874 3037 906 3096 et
930 3033 1064 3116 largiter
1088 3034 1278 3116 propositas
1302 3031 1369 3095 vide·

242 3145 284 3206 tis
315 3148 347 3205 et
375 3164 532 3205 novorum
561 3142 729 3205 nominum
758 3140 1013 3205 clarissimorum
1041 3140 1230 3205 accessione
1261 3136 1369 3204 liberali

243 3250 350 3313 limum
387 3247 639 3312 Avdvsrlssmn
673 3247 827 3312 beneficio
866 3245 1039 3329 insigniter
1071 3245 1318 3311 condecoratas:
1347 3244 1367 3306 in

242 3357 351 3439 eisque
376 3373 453 3419 Elvs
478 3355 607 3418 nomine
618 3353 652 3438 ²¹²)
677 3355 745 3437 qui,
769 3353 930 3418 masculae
954 3351 1083 3414 virtutis
1109 3352 1312 3418 luculentum
1333 3374 1366 3416 ex·

242 3462 398 3545 emplum,
426 3484 489 3526 non
513 3463 589 3525 huic
613 3467 740 3525 tantum
766 3461 971 3525 universitati
994 3466 1190 3545 nost-raeque
1216 3465 1303 3544 urbi,
1327 3456 1364 3523 sed

241 3570 408 3633 universae
434 3568 624 3632 Germaniae
649 3566 806 3650 singulari
830 3566 937 3630 decori
962 3570 1010 3630 est
1033 3571 1130 3650 atque
1158 3568 1324 3652 voluptati.

338 3854 341 3858 Δ
370 3890 401 3971 f)
426 3889 478 3952 Im
503 3888 746 3954 Prooemium
770 3887 833 3950 des
859 3885 1106 3951 Wintersem.
1134 3889 1261 3968 mmm

292 4014 511 4099 (quaestiones
535 4012 815 4096 onomatologicae
840 4008 1009 4095 comicae),
1034 4010 1331 4095 Anfangsworte.
1407 4058 1410 4093 ,

332 4156 409 4221 Sero
435 4156 589 4240 accipitis,
613 4161 650 4220 ut
673 4155 861 4237 consuestis
886 4153 1070 4218 scholarum
1094 4153 1217 4217 indices
1241 4151 1358 4238 proximo

244 4265 392 4328 semestri
417 4263 523 4345 spatio
547 4263 778 4346 habendarum,
803 4284 883 4346 quas
907 4261 1083 4346 plurimum
1102 4265 1214 4325 vestra
1233 4261 1357 4324 interese
1407 4306 1410 4339 ,

165 4426 173 4436 '
328 4438 667 4509 *)[s.c.ua1nmann.]
