2836 5034
140 283 183 347 88
457 301 538 348 vum
561 300 711 347 warenna
736 301 798 349 sus
822 302 964 349 occursu

140 439 291 507 scortator,
315 439 386 493 unde
410 438 495 493 etium
521 439 574 495 sibi
592 457 694 496 nomen
713 441 826 496 mansit.
863 443 979 509 (τρατόε
997 441 1074 496 enirn
1092 458 1192 512 graece
1209 459 1267 498 crer-

140 516 221 595 eitm,
242 530 304 596 φώ(
321 528 364 582 vir
383 529 413 582 et
431 529 508 582 κλέος
522 527 625 599 gloria:
645 529 726 598 quasi
740 529 860 600 gloriam
874 529 928 584 sibi
941 518 970 585 in
985 529 1111 585 exercitu
1125 548 1266 602 comparare

140 615 274 682 volnerit;
298 620 325 685 4)
344 615 509 670 Cheribolus
533 620 680 687 corruptae
703 617 911 675 adolescentiae
935 619 964 673 in
987 620 1118 690 turpibus
1140 620 1267 677 auxiliator

141 708 171 761 et
185 704 358 771 consiliator3
373 706 480 776 gaudet
493 706 567 760 enim
582 707 726 762 consulere
742 707 946 778 Stratophocli:
965 707 1054 776 χαίρω
1068 708 1187 779 gaudeo,
1201 714 1267 781 βουλὴ

141 812 208 850 vcro
227 793 373 850 consilium
392 796 481 850 notat.
519 797 546 865 4)
566 796 703 866 Apocides
717 839 903 853 .........
942 802 969 866 t)
989 798 1145 869 Epidicus.
1162 839 1228 855 ....

216 884 316 954 Agitur
339 882 457 938 Athenis
480 883 578 939 fabula
601 883 791 956 dividiturque
815 888 916 956 poetae
934 886 1072 943 Venusini
1091 887 1267 958 pracceptoin

142 972 242 1043 quinos
265 973 351 1026 actus.
391 972 564 1043 Principium
589 975 673 1044 primi
696 975 750 1030 hoc
769 977 825 1030 est:
855 975 941 1030 ‘heus
965 974 1153 1043 adolescens’‚
1176 977 1267 1032 secund

141 1061 212 1117 mihi
234 1062 354 1117 habetur
376 1061 501 1117 initium:
532 1063 606 1118 ‘rem
629 1063 682 1118 tibi
710 1082 771 1119 sum
795 1064 922 1119 elocutus
945 1065 1086 1134 omnam’,
1109 1064 1186 1120 tertii
1206 1068 1267 1121 ectu:

141 1151 253 1207 initium
276 1151 383 1206 estid:
411 1151 497 1220 ‘atat,
520 1153 624 1218 tacete,
648 1153 750 1209 habete
769 1152 893 1208 animum
911 1154 1043 1221 bonum’;
1069 1156 1187 1224 quartus
1203 1157 1267 1210 actus

140 1241 166 1297 is
184 1243 242 1297 est:
266 1240 347 1296 ‘cave
372 1241 558 1311 praeterbitas
581 1242 654 1297 ullas
677 1243 764 1311 aedis,
787 1243 856 1312 quin
874 1243 982 1314 roges’3
1006 1241 1125 1298 ultimus
1144 1246 1217 1300 actm
1231 1244 1265 1299 hi

142 1332 269 1401 putatur:
291 1330 327 1384 ‘si
345 1331 414 1400 quid
432 1332 476 1385 est
493 1329 654 1384 huiusmodi
671 1331 867 1387 miseriarum'

555 1509 598 1562 Zu
617 1509 687 1564 Act.
706 1509 719 1562 l
739 1508 830 1565 Sccn.
850 1510 871 1564 l.

221 1597 385 1666 Loquuntur
399 1597 529 1652 hocloco
547 1596 676 1652 conservi
690 1597 758 1652 duc:
777 1597 911 1668 Epidicus
929 1599 1001 1654 alter
1021 1598 1071 1669 qui
1089 1599 1167 1655 domi
1183 1615 1267 1654 man·

142 1689 201 1757 rat,
223 1686 297 1742 alter
318 1702 383 1742 vero
407 1684 523 1755 Tesprio
546 1684 595 1754 qui
618 1684 837 1755 Stratiphoclem
868 1685 1017 1742 comitatus
1046 1686 1141 1742 fuerat
1161 1686 1190 1741 in
1212 1704 1267 1743 exe

144 1776 241 1832 citum.
278 1775 315 1830 Hi
337 1774 472 1845 primum,
492 1776 523 1828 nt
540 1791 601 1830 mos
619 1776 663 1829 cst
680 1791 833 1844 servorum,
852 1775 1020 1831 seinvicem
1039 1776 1153 1832 adeunt
1189 1776 1267 1832 Post:

146 1864 279 1935 Epidicus
298 1864 332 1919 de
352 1862 549 1934 Stratiphoole,
568 1862 734 1934 Periphanis
752 1863 820 1933 filio,
838 1867 1028 1934 percontatur.

214 1953 309 2008 Daun
337 1952 465 2030 sichen
482 1970 520 2005 zu
545 1952 608 2007 den
635 1953 750 2007 ersten
779 1951 909 2008 Versen
936 1951 1031 2008 diosa
1058 1955 1267 2010 Intcrlineu

145 2041 315 2113 scholion:

214 2150 240 2188 v.
263 2138 275 2185 1
295 2130 376 2201 heus]
396 2129 531 2185 vocantis.

296 2219 359 2289 quis
378 2220 587 2289 properantem]
607 2216 685 2273 abire
703 2217 884 2273 festinantem
903 2219 1089 2288 apprehendit
1107 2223 1193 2276 veste.

215 2328 242 2363 v,
261 2315 278 2362 2
298 2307 362 2363 odio
381 2308 424 2378 as]
443 2305 660 2377 importunitati,
679 2307 766 2361 uteris
784 2323 838 2363 me.

215 2416 241 2455 v.
261 2405 276 2452 3
296 2396 452 2467 conspicor]
473 2395 563 2450 video.

216 2506 241 2542 v.
262 2493 278 2541 4
298 2485 387 2555 salve]
406 2484 531 2554 Epidice.

215 2596 241 2630 v.
262 2584 278 2631 5
298 2592 357 2630 esse
378 2574 453 2644 quod
471 2574 586 2644 assolet]
607 2575 681 2643 quod
701 2577 864 2630 consuetum
884 2578 928 2630 est
946 2575 1013 2631 fieri.

216 2685 241 2720 v.
262 2672 278 2720 6
298 2665 397 2735 coena]
418 2663 574 2734 splendida,
593 2663 717 2733 opipara

217 2775 242 2810 v.
263 2762 277 2808 7
297 2753 365 2824 quid
383 2757 414 2807 tu
433 2752 506 2824 agis]
532 2751 697 2821 oTesprio,
722 2770 788 2806 num
808 2753 896 2808 vitam
915 2754 994 2808 ducis
1014 2773 1046 2810 ox
1067 2756 1155 2810 animi
1173 2757 1212 2811 tui
1238 2773 1264 2809 s

146 2844 244 2900 tentia.

218 2931 376 3001 exemplum
386 2930 477 3001 adest]
493 2930 565 3000 petis
580 2933 612 2985 ut
626 2930 745 2998 valeam,
760 2948 794 2985 ex
804 2931 883 2986 vultu
898 2949 1065 3003 cognoscere
1080 2933 1189 3004 liquido
1203 2934 1267 3005 pot

147 3024 171 3078 is
185 3022 259 3076 enim
275 3019 361 3075 veluti
379 3020 480 3073 mentis
498 3019 624 3088 proditor
642 3019 694 3074 tibi
713 3021 872 3089 exemplum
891 3024 998 3077 certum
1018 3026 1046 3077 ct
1065 3016 1267 3079 validumdal

148 3109 383 3181 quemadmodum
401 3124 493 3178 agam.

245 3361 303 3426 lll.
341 3360 493 3424 Werler's
517 3359 703 3444 Erkliirung
727 3383 790 3424 von
813 3359 972 3425 Horatius
996 3362 1101 3445 Epist.
1126 3364 1141 3427 I
1170 3366 1194 3427 l.

149 3504 230 3570 (nach
250 3498 428 3570 Sporbrotlr's
452 3489 530 3565 lieo,
550 3515 603 3553 von
623 3499 686 3553 dem
707 3499 750 3552 die
770 3499 950 3554 Nachschril'o
967 3517 1012 3554 am
1031 3501 1130 3556 ltande
1148 3502 1197 3556 der
1213 3498 1267 3551 We·

223 3589 360 3645 ler'schen
379 3587 509 3657 Ausgsbe
526 3604 583 3642 von
604 3594 671 3640 1512
691 3605 743 3641 nur
761 3588 810 3642 der
828 3589 955 3659 l'assung
972 3590 1043 3643 uach
1063 3590 1217 3656 abueicht.)

219 3715 298 3769 Haec
325 3712 417 3784 prima
444 3711 553 3766 Horatii
582 3711 703 3782 epistola
724 3713 863 3782 prohemii
885 3713 978 3768 locum
1001 3714 1102 3769 sortita
1125 3717 1180 3782 θεὶς
1202 3712 1267 3767 lieo⁴

148 3808 244 3859 nutem
258 3802 332 3857 enim
352 3819 432 3855 suum
447 3799 600 3869 alloquens,
616 3800 664 3870 qui
679 3818 728 3855 sua
743 3803 841 3871 sponte
852 3802 1031 3858 vehementer
1044 3803 1074 3857 in
1087 3820 1183 3858 omncs
1196 3803 1267 3873 potii

149 3909 304 3963 propensus
329 3893 389 3943 crat
413 3892 442 3944 ct
464 3889 493 3943 in
516 3889 591 3959 ipsos
610 3889 736 3959 apprime
757 3889 890 3958 liberalis,
914 3891 1037 3960 suscepti
1054 3893 1191 3962 propositi
1207 3887 1267 3946 ratic

149 3998 213 4036 nem
239 3978 362 4049 explicat
392 3979 421 4031 et
451 3977 561 4047 copiose
594 3980 712 4032 enarrat.
757 3978 826 4033 Cum
855 3978 929 4033 enirn
956 3980 1085 4049 graviore
1116 3981 1171 4036 iam
1199 3976 1267 4034 sets!

150 4069 317 4125 comtitutus
343 4066 494 4122 teneriores
516 4067 608 4122 Musas
633 4069 762 4122 omittere
786 4072 816 4123 ct
842 4085 886 4122 res
909 4085 1010 4138 graves
1029 4071 1115 4138 atque
1138 4086 1171 4123 ex
1192 4066 1267 4123 intim

151 4155 332 4228 philosophia
355 4155 534 4234 depromptas
555 4156 656 4212 litteris
676 4157 809 4211 mandare
832 4157 1027 4225 constituisset,
1053 4158 1267 4228 ingravescente:

150 4248 273 4300 aetatem
300 4244 386 4299 veluti
411 4244 604 4300 lascivioribus
633 4246 764 4316 nequitiis
792 4247 917 4316 ineptam
943 4264 1022 4301 suam
1047 4247 1077 4301 in
1103 4248 1172 4303 haec
1198 4242 1267 4301 studi·¹

150 4332 375 4404 propcratiouem
397 4333 528 4390 insinuat.
566 4335 794 4390 Benevolentiam
823 4336 913 4405 primo
943 4339 1041 4405 captat
1066 4323 1190 4406 ab‘ipso
1214 4334 1267 4390 lise

150 4426 248 4479 canate
266 4421 346 4477 illum
369 4422 484 4494 dignum
503 4423 630 4479 iudicans
649 4425 697 4494 qui
717 4424 790 4478 sicut
811 4426 840 4478 in
858 4424 948 4495 primo
968 4440 1018 4480 suc
1037 4424 1189 4480 carminum
1206 4437 1267 4494 oper·
