2886 5032
404 320 670 369 auauurmcnrs
695 322 904 370 annuarum.
1163 305 1227 371 501

73 460 241 537 Qualibus
265 462 346 528 satis
370 485 409 528 ca
431 485 542 529 versus
565 463 673 529 forma
697 464 887 548 defenditur,
911 487 1008 549 quam
1032 464 1148 531 Bacch.
1164 467 1229 532 372

74 565 171 658 [404]
191 569 490 635 commendavimus
509 593 540 656 p.
555 588 637 636 cnrx
651 571 754 652 [4031.
778 571 981 657 Ambiguum
1000 573 1104 637 estad
1119 578 1228 639 utrum

72 699 183 762 genus
207 676 396 762 pertineant
418 676 506 742 Triu.
525 678 599 744 329.
637 677 755 744 Bacch.
773 679 817 743 44
842 680 926 760 [75];

168 802 223 869 De
240 826 330 869 meo:
353 826 428 869 nam
449 803 533 888 quod
553 808 687 888 tuumst,
711 809 860 890 meumst,
884 827 978 869 omne
998 808 1105 878 autem
1125 799 1229 872 mium

936 916 1069 978 tuumst

170 1018 333 1085 Simulato
362 1041 413 1083 me
445 1021 562 1084 amare.
608 1018 726 1085 Vtrum
756 1041 816 1104 ego
841 1019 934 1084 iocon
957 1020 990 1084 id
1014 1019 1163 1085 simulem
1183 1043 1229 1103 an

937 1126 1086 1212 s'erio‘l*)

67 1236 207 1303 Harum
240 1238 348 1300 autem
380 1234 480 1298 trium
510 1256 716 1298 caesurarum
747 1232 793 1319 (h.
817 1256 843 1298 e.
873 1234 1008 1299 duarum
1033 1235 1228 1300 vicariatum

65 1342 263 1426 tertiaeque
296 1340 476 1426 legitimae)
506 1341 533 1405 si
563 1341 618 1425 qui
647 1363 757 1406 versus
786 1341 909 1406 nullam
939 1342 1052 1425 habet,
1084 1364 1149 1406 non
1178 1346 1253 1407 est'

62 1470 131 1533 pro
176 1447 368 1531 incorrupto
405 1446 589 1512 habendus:
626 1448 690 1512 nisi
728 1447 813 1532 quod
850 1448 1026 1532 singularis
1063 1450 1227 1515 excusatio

63 1554 163 1620 Trin.
181 1553 268 1618 1145
291 1557 422 1636 praesto
445 1557 497 1618 est
520 1577 540 1618 a
558 1555 740 1639 composito
760 1555 928 1640 vocabulo,
951 1556 986 1619 in
1009 1556 1100 1620 cuius
1119 1556 1225 1640 ipsam
1240 1577 1379 1621 conxxv1

63 1646 329 1729 commissuram
355 1681 487 1726 caesura
511 1660 641 1726 incidit:

164 1785 243 1852 Neu
264 1785 406 1869 quirem
426 1787 531 1873 ipsam
550 1789 662 1871 posset
680 1786 877 1871 intellegere,
896 1787 1108 1853 thensaurum
1127 1793 1228 1854 tuum.

61 1913 163 1991 Quae
200 1913 229 1976 si
258 1912 309 1976 cui
339 1912 502 1978 excusatio
525 1934 591 1977 non
614 1911 696 1977 satis
720 1913 829 1997 gravis
853 1912 1014 1996 videatur,
1048 1912 1131 1977 nihil
1154 1913 1227 2006 reli·

60 2043 175 2109 quum
207 2018 308 2084 fuerit
334 2019 398 2084 nisi
425 2024 541 2103 poetae
569 2019 723 2084 nimirum
752 2019 932 2103 elegantiae
957 2019 1046 2084 velut
1068 2020 1130 2085 hoc
1153 2021 1227 2084 arti-

57 2129 143 2197 ficio
172 2127 360 2205 consulere:

162 2250 243 2317 Neri
268 2251 416 2336 quirem
440 2273 571 2334 eampse
594 2249 784 2336 intellegere
808 2253 919 2337 posset
943 2251 989 2315 th.
1012 2255 1034 2315 t.

161 2392 267 2459 Nunc
291 2393 392 2480 igitur
422 2398 459 2459 ut
488 2393 528 2458 ad
559 2393 754 2478 dactylum
787 2395 918 2478 quarti
948 2392 1058 2477 pedis
1089 2392 1227 2476 redeam,

57 2506 138 2573 eius
167 2501 271 2565 venia
295 2500 400 2565 omnis
424 2505 457 2566 et
479 2501 670 2565 brevissime
689 2505 722 2564 et
742 2500 922 2565 certissime
942 2500 988 2564 sic
1007 2499 1167 2583 definitur,
1191 2503 1229 2563 ut

55 2617 207 2679 tantum
241 2629 306 2673 non
337 2630 462 2691 semper
493 2629 565 2673 cum
597 2608 727 2691 priore
758 2628 875 2692 genere
906 2607 1045 2671 vicariae
1075 2628 1226 2670 caesurae

10 2698 12 2705 Ι
53 2720 272 2787 coniunctus
306 2736 375 2779 esse
407 2715 545 2796 dicatur,
578 2737 755 2798 numquam
787 2736 859 2778 cum
890 2714 1069 2795 posteriore
1100 2735 1226 2799 genere,

10 2840 20 2865 '·
52 2830 131 2895 t'ere
158 2843 349 2906 numquam
373 2843 443 2885 cum
468 2821 616 2906 legitima
640 2843 779 2885 caesura.
826 2820 925 2885 Cuius
950 2821 994 2884 rei
1019 2843 1135 2885 caussa
1157 2842 1225 2904 per-

50 2935 217 3022 spicitur
241 2928 440 3013 planissime.
486 2927 571 2994 Nam
595 2929 667 3011 illa,
696 2950 792 3013 quam
822 2928 925 2992 solam
954 2950 1024 2991 esse
1054 2928 1225 3010 probatam

50 3041 150 3123 dixi,
178 3036 313 3101 ratione
336 3035 368 3099 id
392 3036 497 3119 ipsum
523 3036 662 3100 efficitur
685 3040 722 3100 11
746 3035 786 3099 ab
811 3036 875 3099 arsi
900 3057 958 3099 sua
978 3035 1101 3098 duabus
1121 3034 1224 3098 brevi·

51 3152 124 3214 bus
153 3142 303 3227 syllabis
323 3143 491 3228 diremptis
511 3144 688 3226 dactylicus
707 3163 859 3207 numerus
879 3142 1007 3226 aegrius
1026 3142 1226 3225 percipiatur

54 3265 92 3321 et
118 3248 374 3338 quodammodo
397 3249 501 3313 lateat
525 3271 630 3313 aures:
655 3253 770 3313 contra
789 3249 872 3312 idem
892 3249 924 3313 in
944 3270 1037 3313 aures
1058 3253 1225 3332 tamquam

57 3357 289 3446 impingitur,
322 3356 350 3419 si
379 3359 435 3420 aut
465 3355 556 3419 nullo
585 3358 641 3419 aut
664 3356 758 3419 unius
784 3354 928 3439 syllabae
951 3354 1125 3419 intervallo
1149 3357 1224 3438 post

14 3530 19 3541 ,
60 3466 244 3550 dactylum
274 3446 381 3546 parum¹
399 3464 437 3527 fit
460 3462 549 3527 vocis
572 3462 607 3526 in
630 3484 776 3545 caesura,
809 3485 871 3545 cluo
895 3461 1039 3544 rapidior
1062 3464 1099 3524 tit
1122 3466 1155 3524 et
1177 3460 1235 3523 di·-

62 3573 229 3640 stinctius
265 3557 412 3635 'sentitur
452 3590 714 3655 praegressarum
754 3569 955 3652 syllabarum
991 3567 1223 3651 pronuntiatio.

63 3680 191 3764 ltaque
222 3675 327 3741 thesis
354 3674 412 3739 illa
438 3674 597 3759 dactylica
625 3679 683 3739 aut
709 3675 741 3738 in
771 3674 928 3759 longioris
952 3674 1099 3739 vocabuli
1129 3674 1223 3738 initio

10 3860 16 3867 ,
67 3782 230 3852 consistit
254 3785 321 3864 aut,
344 3781 429 3867 quod
454 3782 556 3846 multo
581 3781 779 3866 frequentius
804 3788 861 3863 est,
886 3802 949 3844 una
972 3780 1136 3845 duabusve
1155 3781 1223 3845 bre

69 3892 224 3959 cissimis
252 3889 378 3955 voculis
406 3889 558 3972 efficitur,
591 3910 726 3971 quarum
756 3910 795 3952 ea
824 3888 867 3951 sit
895 3888 1094 3952 constructio
1122 3890 1159 3952 11
1183 3886 1221 3950 ad

70 3997 227 4085 proxima
251 3996 445 4082 pertineant.
491 3995 671 4060 illiusmodi
695 4000 745 4059 est
767 3996 853 4075 Tria.
878 3997 955 4061 338:

168 4138 250 4217 Quia
273 4139 344 4205 sine
367 4141 456 4204 omni
481 4137 653 4221 militiast,
677 4138 806 4202 tolerare
830 4137 859 4202 ei
884 4141 1065 4222 egestatem
1090 4138 1177 4203 uolo:

68 4281 261 4349 usitatioris
290 4281 416 4346 formae
447 4279 527 4344 haec
557 4285 653 4345 sunto
683 4280 831 4363 exempla
861 4303 889 4343 v.
913 4281 978 4344 306
1008 4279 1061 4362 (de
1091 4301 1154 4363 quo
1183 4279 1221 4343 ci.

69 4403 93 4410 --
105 4398 290 4408 ---—--—--

160 4438 186 4508 ³)
204 4438 228 4510 [.
239 4482 246 4494 .
259 4438 356 4493 Vtram
374 4453 421 4508 eyo
439 4438 510 4492 istra
528 4437 615 4492 idcca’
634 4437 824 4492 memorem..
849 4437 948 4508 Opusc.
969 4436 1036 4507 phil.
1057 4435 1083 4489 ll
1102 4455 1128 4507 p.
1149 4437 1220 4505 301]
