2836 5034
412 312 706 362 carrunrmounu
731 312 804 360 usn
827 298 1036 360 laumense.
1234 293 1297 357 713

142 450 249 534 plaiae
269 455 435 537 professor
452 456 602 543 publicus
621 455 813 538 ordinarius,
835 476 945 519 eorum
965 476 1116 519 sensuum
1140 454 1297 537 interpres

144 559 281 644 existet,
304 583 385 646 quos
408 585 474 628 nou
497 563 683 631 dubitamus
707 563 785 647 quin
810 567 843 627 et
866 562 1035 628 nobiscum
1059 567 1184 627 etcum
1204 559 1297 624 bonis

144 666 305 732 omnibus
329 690 367 734 er
390 669 499 735 animo
522 670 774 736 communicetis.
819 668 945 735 Valete.

242 773 410 842 Debemus
433 775 567 843 Bonnae
590 777 702 842 Idibus
726 775 821 841 Maiis
846 799 873 840 a.
898 792 1139 841 crorocccnxn.

703 1065 752 1128 15.

452 1206 550 1271 'daei
573 1206 1001 1293 Relegationspateute.

713 1426 741 1468 a.

244 1523 477 1590 Vniversitatis
510 1525 703 1592 Fridericiae
732 1526 923 1592 Guilelmiac
952 1525 1127 1590 lthenanae
1145 1524 1156 1607 ll
1180 1523 1298 1587 lteetor

149 1637 187 1695 et
209 1631 360 1696 Senatus.
387 1631 399 1715 l
426 1630 506 1698 Cum
540 1634 643 1699 multa
676 1635 708 1699 in
741 1634 913 1699 academiis
951 1632 1139 1698 iuvenilium
1176 1630 1297 1695 auimo·

147 1758 224 1803 rum
249 1742 306 1803 aut
329 1739 444 1804 levitas
469 1745 526 1804 aut
548 1740 656 1805 fervor
680 1742 812 1826 gignere
841 1745 974 1825 peccata
997 1740 1115 1822 soleat,
1138 1759 1220 1823 quae
1243 1758 1297 1821 pa·

150 1844 255 1910 ternis
283 1845 560 1911 admonitionibus
592 1848 732 1912 coerceri
759 1853 817 1912 aut
844 1847 1023 1913 lenioribus
1052 1844 1227 1911 secimdum
1256 1843 1299 1908 le

150 1970 230 2035 gum
253 1952 407 2017 instituta
429 1953 542 2037 poenis
566 1954 718 2038 castigari
738 1955 819 2019 satis
838 1959 897 2037 est,
920 1976 1031 2017 rursus
1051 1953 1117 2017 alia
1135 1957 1203 2017 tam
1223 1954 1300 2016 sunt
1401 1978 1408 1989 ¹

152 2055 348 2142 importuna,
370 2063 438 2124 tam
462 2061 616 2145 opposita
638 2061 765 2145 legibus
790 2060 940 2126 omnibus
964 2065 1062 2143 atque
1082 2081 1101 2122 a
1121 2059 1202 2123 bene
1226 2079 1298 2123 cou-

150 2165 272 2229 stituta
294 2164 428 2230 civitate
452 2167 571 2249 aliena,
599 2173 635 2233 ut
658 2164 937 2232 animadvertendi
962 2166 1168 2229 severitatem
1192 2166 1299 2229 inere

154 2271 289 2336 rabilem
316 2293 383 2337 non
411 2273 569 2339 suadeant
596 2280 737 2358 tantum,
771 2274 827 2339 sed
850 2273 1019 2357 postulent
1043 2271 1298 2356 efflagitantque.

153 2373 188 2442 ln
216 2378 337 2462 quibus
364 2378 461 2445 facile
488 2381 692 2466 intellegitur
722 2387 852 2466 praeter
874 2385 982 2446 cetera
1005 2379 1085 2443 illud
1109 2398 1194 2460 esse,
1226 2399 1299 2442 cum

152 2485 404 2569 magistratuum
428 2486 524 2569 iussa,
547 2509 648 2571 eaque
671 2488 733 2572 ipsi
752 2488 861 2572 legum
882 2485 1068 2551 auctoritati
1088 2483 1207 2567 innixa,
1232 2506 1297 2549 non

149 2589 265 2675 aliqua
292 2591 343 2655 vel
371 2594 578 2677 neglegentia
606 2593 657 2658 vel
685 2593 937 2678 intemperantia
965 2592 1161 2675 migrantur,
1193 2591 1248 2654 sed
1279 2614 1299 2655 a

148 2697 330 2762 scientibus
359 2705 392 2763 et
419 2700 602 2764 volentibus
631 2700 810 2765 illuduntur
836 2700 906 2784 pari
935 2698 1127 2763 insolentiae
1155 2697 1298 2762 libidine.

144 2800 266 2888 ltaque
295 2826 368 2868 curn
396 2827 498 2888 nuper
525 2827 663 2889 pompae
691 2805 839 2890 publicae
870 2808 1046 2869 nocturnae
1078 2803 1299 2886 sollemnitati,

144 2910 282 2993 qualem
311 2911 381 2975 fieri
409 2911 473 2974 nisi
501 2910 595 2974 venia
622 2911 798 2995 impetrata
825 2911 914 2996 leges
944 2914 1069 2991 vetant,
1102 2910 1250 2992 quamvis
1278 2935 1298 2975 a

144 3037 280 3080 summo
305 3016 527 3081 universitatis
553 3017 746 3101 magistratu
775 3017 953 3103 denegatae
977 3023 1009 3080 et
1033 3017 1177 3102 graviter
1201 3018 1297 3082 inter-

143 3121 271 3205 dictae,
306 3128 417 3186 tamen
450 3143 568 3206 magna
595 3145 653 3206 per
681 3123 793 3187 urbem
826 3123 1086 3190 concurrentium
1116 3124 1298 3208 frequentia

144 3232 190 3311 et,
213 3227 302 3312 quod
323 3229 460 3293 vetitum
480 3234 550 3293 erat
569 3230 738 3313 imprimis,
762 3231 852 3295 tibiis
871 3232 1023 3315 tubisque
1042 3232 1298 3311 concinentibus,

146 3334 241 3400 locus
270 3336 367 3400 datus
392 3341 491 3400 esset:
529 3335 597 3400 eius
622 3341 730 3400 autem
754 3338 1006 3419 pertinacissimi
1030 3337 1183 3401 facinoris
1207 3360 1297 3422 prae·

144 3441 263 3525 eipuus
296 3439 428 3524 quidam
459 3447 572 3507 auctor
601 3448 634 3505 et
663 3434 721 3507 suo
753 3449 786 3508 et
817 3443 954 3507 aliorum
979 3444 1175 3508 testimoniis
1200 3467 1297 3528 appa·

145 3548 270 3611 ruisset
288 3548 298 3630 ΙΙ
317 3545 357 3612 N.
377 3546 410 3612 P.
428 3547 439 3628 ΙΙ
456 3547 650 3631 Kempensis
668 3547 680 3630 ll
698 3548 876 3614 medicinae
899 3549 1076 3613 studiosus:
1094 3551 1105 3632 ΙΙ
1123 3549 1209 3614 hunc
1232 3573 1297 3615 non

146 3655 317 3740 potuimus
347 3654 425 3738 quin
453 3654 562 3738 legum
591 3655 778 3719 auctoritati
805 3655 965 3739 huiusque
990 3656 1210 3722 universitatis
1235 3658 1297 3721 exi-

147 3759 333 3825 stimationi
363 3759 543 3824 consulturi
571 3782 591 3823 a
619 3760 737 3825 civium
765 3766 951 3828 nostrorum
976 3762 1132 3827 societate
1155 3780 1296 3827 remove·

146 3888 258 3932 remus
283 3870 317 3930 et
340 3865 381 3929 ab
405 3865 467 3929 hac
489 3865 671 3929 litterarum
696 3867 770 3930 sede
793 3868 1020 3952 relegeremus.
1054 3868 1147 3944 Quod
1169 3873 1206 3933 ut
1230 3891 1296 3933 om·

149 3994 217 4056 nes,
241 3994 380 4057 quorum
405 3972 549 4053 interest,
571 3977 772 4055 cognoscant
790 3977 983 4057 strenueque
1002 3974 1187 4040 vindicatae
1205 3975 1296 4040 disci·

146 4080 258 4165 plinae
281 4078 449 4163 publicum
474 4076 701 4141 documentum
725 4084 839 4163 exstet,
862 4082 1072 4166 relegationis
1096 4082 1244 4167 exempla
1264 4088 1297 4147 et

147 4185 271 4269 nostris
301 4184 405 4248 valvis
435 4182 526 4267 affigi
554 4186 587 4246 et
614 4204 687 4246 cum
716 4186 830 4249 ceteris
859 4186 1033 4253 academiis
1064 4188 1126 4253 hoc
1159 4188 1296 4254 consilio

146 4290 326 4356 foederatis
360 4288 592 4354 communicari
625 4289 787 4355 iussimus.
853 4292 993 4380 Egimus
1016 4294 1149 4360 Bonnac
1179 4295 1209 4360 d.
1232 4295 1296 4362 VH

146 4421 188 4465 m.
212 4396 311 4463 Mart
336 4419 364 4460 a
388 4412 728 4462 ororocccxxxxvrur.
