2886 5032
143 302 209 369 324
430 320 688 371 eaoanuouani
711 322 760 370 nn
783 321 994 371 aaaronravs

141 465 257 530 borum
280 465 360 531 ordo
384 490 411 532 v.
431 470 472 533 88
491 468 568 540 scire
590 469 687 551 capio,
710 468 776 533 325
798 469 924 532 rreniom
945 468 1022 532 dore
1044 467 1119 545 mm,
1140 465 1208 532 376
1230 465 1294 530 ini·

140 571 187 636 la's
215 593 383 657 sunemom,
414 575 481 639 466
510 579 544 639 tu
574 595 665 659 nunc,
695 575 760 639 563
788 576 864 657 quid
889 574 939 640 aa
966 574 1111 657 locutum,
1141 571 1228 638 1049
1255 593 1293 636 cs

140 699 261 744 eonem:
289 685 322 745 et
349 686 459 745 tamen
487 680 616 746 inverso
643 680 723 745 haec
750 681 862 747 ordine
889 703 956 747 non
983 681 1093 745 minua
1120 678 1292 745 commodo

140 786 238 851 scribi
266 787 476 852 Ambrosiani
505 788 683 853 auctoritas
712 789 847 853 iubebat
878 789 966 870 nepio
997 788 1088 871 scire,
1118 787 1196 852 dare
1226 788 1292 851 iam

138 893 266 957 ueniam
290 892 342 974 [cf.
364 916 395 977 p.
415 896 563 979 consul,
590 914 746 959 nemmem
768 895 875 978 inibis,
902 915 986 959 nunc
1008 899 1055 972 tu,
1082 894 1161 976 quid
1181 892 1233 957 luc
1249 899 1294 958 est

140 1001 264 1085 lenitus,
287 1022 391 1066 eorum
409 999 499 1088 ea*):
522 1002 708 1086 pariterque
727 1024 755 1067 v.
775 1003 819 1066 20
841 1022 897 1066 uos
918 1001 982 1081 boc,
1006 1001 1072 1067 ‘165
1089 1002 1157 1065 iam
1175 1000 1294 1081 aliquis

140 1107 269 1190 [aliquia
295 1109 362 1174 eom
389 1105 520 1193 Trin.²],
550 1112 584 1174 et
611 1109 676 1173 leri
700 1109 878 1193 scripturae
902 1108 1093 1175 diversitate
1117 1106 1293 1173 accedente

139 1213 473 1297 inamasbeaesaoao
497 1220 565 1300 tuo)
592 1237 651 1299 pro
674 1216 814 1298 neena
835 1217 982 1283 laamas
1004 1221 1057 1281 tuo
1079 1237 1108 1281 v.
1135 1211 1293 1300 1051**),

138 1321 227 1386 Mmo
248 1322 383 1387 bertinis
403 1322 476 1402 fecit
498 1344 557 1405 pro
578 1322 657 1402 facit
677 1321 767 1386 bomo
789 1322 924 1388 homines
946 1344 975 1388 v.
994 1322 1094 1388 1069:
1119 1322 1151 1387 in
1173 1320 1293 1406 quibus

139 1427 291 1493 omnibus
314 1428 491 1493 necessitas
515 1428 746 1512 transponendi
769 1428 859 1493 nulla
881 1433 1026 1513 apparet.

227 1536 334 1619 Atque
361 1534 424 1599 hae
451 1533 595 1618 quidem,
623 1557 704 1619 quas
732 1557 790 1620 per
817 1556 938 1621 genera
969 1558 1029 1601 sua
1051 1535 1200 1601 breviter
1223 1557 1296 1620 pen

138 1642 262 1725 censui,
294 1641 531 1726 discrepantiae
562 1642 610 1706 ita
642 1647 848 1726 comparatae
877 1646 954 1708 sunt
983 1664 1113 1727 omnes,
1144 1646 1186 1706 ut
1218 1663 1295 1707 con·

138 1747 246 1813 silium
277 1748 406 1834 aliquod
435 1747 615 1831 corrigendi
642 1771 683 1813 ne
710 1749 877 1815 levissimo
906 1748 1035 1834 quidem
1063 1747 1189 1813 indicio
1218 1771 1296 1833 pro-

45 1885 124 1926 axv1
137 1854 229 1939 dant,
266 1855 321 1920 sed
358 1855 466 1920 solitis
502 1853 743 1939 depravationis
783 1855 844 1920 viis
876 1859 973 1920 natae
1005 1876 1076 1919 esse
1109 1854 1296 1921 rideantur.

139 1961 211 2037 Quo
234 1962 358 2026 cautius
382 1960 421 2025 de
445 1960 649 2045 gravioribus
673 1960 866 2044 quibusdam
886 1960 1095 2026 iudicandum
1115 1966 1177 2044 est,
1200 1960 1296 2026 velut

138 2089 211 2131 cum
235 2090 262 2132 r.
287 2068 329 2133 88
352 2090 411 2152 pro
435 2067 502 2150 his,
529 2064 591 2130 Sed
617 2067 696 2131 istuc
725 2068 824 2149 nepoti
850 2067 928 2132 scire
948 2068 1038 2150 cupio
1060 2069 1218 2150 quidquid
1238 2075 1294 2153 est,
1334 2076 1336 2083 '

89 2246 91 2251 .
135 2173 222 2239 idem
246 2174 482 2239 Ambrosianus
505 2171 567 2238 Sed
587 2175 666 2238 istuc
688 2176 788 2257 nepoti
809 2176 898 2257 capto
918 2176 997 2241 scire
1017 2176 1097 2257 quiid
1116 2176 1177 2240 stet
1199 2197 1293 2260 prae

136 2280 206 2365 bet,
243 2282 295 2346 vel
328 2282 390 2346 747
424 2280 545 2345 Eadem
582 2281 688 2345 omnio
720 2283 812 2345 istaec
842 2302 900 2365 pro
934 2281 1021 2346 Nam
1052 2281 1149 2347 berete
1182 2284 1294 2348 mania

135 2388 228 2453 arao
256 2388 315 2468 [sic
342 2384 467 2469 Trin‚²].
518 2385 580 2452 Sed
609 2388 751 2473 aliquam
780 2410 858 2453 sane
888 2388 1153 2473 interpolationis
1184 2388 1293 2473 suspi-

136 2493 259 2559 tionem
285 2494 381 2559 facile
409 2494 469 2558 illa
496 2497 661 2577 moveant,
692 2516 774 2578 quae
801 2516 819 2559 e
847 2516 876 2559 r.
899 2497 973 2560 214.
997 2495 1063 2560 502
1092 2495 1158 2559 iam
1190 2517 1293 2580 supra

136 2601 321 2665 attulimus:
351 2601 496 2683 tostaque
517 2602 661 2666 comtissa
688 2601 829 2665 omnibus
852 2604 885 2665 et
907 2602 984 2683 quin
1005 2602 1040 2666 di
1066 2601 1139 2666 bene
1161 2606 1293 2667 eorm

137 2706 188 2787 [cf.
206 2731 246 2792 .p.
270 2706 328 2771 LX
356 2705 479 2794 (319)],
512 2730 593 2791 quae
626 2729 667 2773 ne
701 2711 878 2792 potuerunt
905 2707 1036 2792 quidem
1064 2709 1112 2773 sic
1139 2709 1245 2774 scribi
1269 2730 1290 2773 a

137 2818 243 2897 poete.
267 2813 337 2890 Quo
352 2815 461 2880 nescio
480 2837 521 2879 an
538 2814 634 2878 etiam
653 2813 733 2878 illud
751 2814 914 2898 quispiam
931 2814 1061 2898 referat,
1078 2814 1166 2898 quod
1180 2839 1212 2880 v.
1225 2816 1286 2881 841
1324 2838 1330 2899 ζ

136 2921 226 2986 iuxta
249 2922 357 3005 posita
380 2925 456 2986 sunt
479 2927 553 3004 opat
575 2926 608 2986 et
627 2923 715 3004 perit.
753 2920 859 2985 Maior
881 2922 980 2986 etiam
1004 2921 1177 2986 dubitandi
1198 2922 1288 2986 locus
1324 2904 1332 2947 ⁵

135 3028 168 3091 in
193 3051 223 3092 v.
246 3028 311 3093 328
335 3032 398 3092 est:
421 3029 477 3112 qui
501 3051 574 3094 cum
599 3050 615 3092 e
638 3027 800 3093 Palatinis
824 3029 871 3092 sic
895 3029 1057 3113 vulgetur:

228 3168 315 3233 Be'ne
339 3170 414 3235 uolo
438 3192 498 3255 ego
521 3172 569 3235 illi
586 3171 716 3255 'lacera
740 3172 767 3234 si
791 3175 827 3234 tu
851 3174 917 3235 ndn
940 3170 1041 3234 neuis.
1064 3168 1135 3235 ΡΗ.
1159 3169 1288 3254 Nempe
1331 3136 1334 3159 ἱ

989 3276 1029 3342 de
1052 3280 1121 3360 tuo,

136 3416 169 3480 in
193 3416 276 3482 hanc
300 3421 440 3503 speciem
463 3421 654 3486 immutatus
678 3422 711 3486 in
735 3420 767 3484 A
792 3424 912 3485 exstat:

223 3579 313 3644 Bene
336 3581 412 3645 uolo
436 3581 485 3646 illi
507 3581 627 3665 facere,
656 3582 719 3646 nisi
744 3586 780 3646 tu
802 3583 868 3645 ndn
891 3581 942 3644 uis
957 3577 1128 3663 ..Nempe
1151 3578 1194 3644 de
1218 3584 1289 3646 tuo.
1332 3546 1336 3571 Ι

135 3736 221 3801 Nam
249 3761 322 3803 cum
351 3741 384 3804 iu
407 3741 469 3806 hoc
497 3764 592 3805 versu
614 3743 702 3806 neeis
726 3741 825 3805 etiam
850 3739 1094 3824 antiquissimus
1117 3740 1174 3804 ille
1200 3742 1288 3827 glos·

136 3845 213 3908 sarii
240 3845 386 3912 Plautini
414 3850 554 3933 scriptor
581 3849 712 3933 legerit,
746 3848 785 3911 de
819 3870 881 3932 quo
913 3847 1019 3931 capite
1042 3844 1074 3910 ΙΙ
1104 3846 1188 3932 dixi,
1221 3870 1289 3914 non

134 3950 281 4033 profecto
318 3959 439 4020 temere
475 3957 547 4041 quis
580 3955 719 4019 coniciet
751 3977 789 4019 ex
818 3955 1107 4037 interpretamento
1141 3975 1208 4019 nore
1240 3958 1290 4021 uis

136 4093 348 4104 —..——-

225 4162 250 4232 *)
272 4165 316 4235 [ln
335 4164 377 4218 ed.
398 4165 446 4218 alt.
464 4182 515 4233 pro
539 4181 630 4217 eorum
654 4181 688 4218 ex
706 4160 877 4216 Ritschelius
900 4160 970 4215 dicit
991 4164 1156 4232 exspectari
1180 4182 1234 4221 auo
1256 4183 1290 4221 ex

135 4253 180 4307 vel
206 4255 278 4320 (siue
301 4256 345 4322 ec)
373 4255 496 4322 ipsorum
523 4256 573 4309 aut
603 4259 709 4322 suopte,
738 4255 770 4305 ut
796 4252 833 4305 ad
858 4250 933 4305 idem
960 4250 1121 4307 subiectum
1149 4254 1289 4311 retentus

129 4343 407 4501 Wilffglfimm
425 4431 538 4499 benficia
556 4438 603 4486 tao
622 4429 721 4497 Trin.⁹,
740 4429 774 4483 cf.
795 4428 896 4497 Opusc.
916 4428 985 4498 phil.
1005 4429 1031 4484 11
1049 4448 1079 4501 p.
1100 4434 1179 4507 tle]
