2886 5032
158 332 224 396 482
448 344 708 394 eaousoouuuu
732 344 779 390 os
802 342 1015 393 auricomus

159 482 313 576 generum
331 494 447 554 neutro
467 490 638 554 fluctuabit
656 489 819 571 iudicium,
842 492 877 552 at
894 489 933 552 de
951 487 1070 553 horum
1088 486 1276 552 multitudin

160 620 241 683 quae
271 601 348 663 sunt
370 597 477 662 media
499 619 558 662 neo
580 601 638 663 aut
661 618 795 683 gravem
817 596 1035 661 intentionem
1056 593 1229 680 postulant
1250 616 1276 657 a·

160 705 285 770 nullam
309 704 496 787 admittunt,
520 726 615 788 saepe
639 726 704 768 non
728 725 901 787 possumus
924 724 992 767 non
1009 701 1220 767 vehementer
1242 724 1276 767 as

162 812 272 896 bigere
301 814 408 875 utrum
440 810 607 875 intendere
637 833 678 874 an
706 832 772 874 non
801 809 969 875 intendere
996 810 1089 894 ipsos
1118 813 1231 894 poetas
1254 832 1276 874 ε

162 918 302 983 voluisse
326 918 377 982 vel
400 919 544 1002 potuisse
568 916 720 983 dieamus.
767 917 812 981 let
834 922 944 982 temen
966 917 1003 1000 si,
1028 939 1127 1000 quam
1151 917 1199 980 illi
1221 917 1276 981 sia

162 1025 333 1108 tenuerint,
355 1024 504 1088 volumus
524 1024 705 1108 generatim
725 1024 868 1106 definire,
886 1023 1000 1109 fugere
1018 1024 1183 1088 neminem
1201 1028 1276 1107 pote

63 1155 145 1195 econ
160 1131 193 1195 id
217 1153 272 1195 eos
296 1130 467 1214 studuisse,
491 1135 527 1195 ut
550 1136 737 1215 quantum
760 1134 923 1214 possent
946 1136 1037 1197 extra
1062 1131 1163 1195 araim
1181 1129 1276 1193 nullm

162 1238 293 1302 omuino
317 1238 512 1303 vocabulum
535 1239 741 1321 collocarent,
764 1238 859 1302 modo
882 1237 916 1302 id
939 1238 1050 1321 aliqua
1072 1238 1106 1302 vi
1125 1237 1276 1321 praeditur

163 1348 249 1409 esset
272 1345 479 1429 quantumvis
504 1368 542 1408 ea
565 1345 690 1430 exigua,
714 1345 769 1409 sed
792 1349 830 1409 ut
847 1366 1056 1409 numerorum
1075 1344 1276 1424 verborumqu

162 1450 292 1516 ordines
316 1451 452 1516 mirilico
476 1451 613 1521 artificio
637 1456 835 1535 temperatos
860 1455 1085 1535 exaequarent
1116 1448 1214 1515 Velut
1235 1467 1276 1531 per

162 1580 253 1622 curre
283 1559 327 1622 sis
355 1559 390 1622 in
418 1557 451 1622 id
481 1558 625 1622 intentus
653 1559 849 1642 principium
877 1556 1074 1623 Trinummi:
1112 1579 1189 1621 suos
1219 1556 1276 1618 ictu

163 1665 313 1730 metricos
343 1665 480 1749 siugulis
508 1665 576 1730 fere
604 1665 737 1730 vocibus
761 1686 832 1729 esse
855 1664 1013 1748 iuvenies,
1045 1664 1276 1747 paucitatemqu

163 1771 323 1834 mirabere
347 1792 471 1855 earum,
503 1793 584 1856 quae
608 1794 681 1836 cum
704 1772 738 1836 in
762 1771 846 1835 thesi
870 1771 1002 1852 cubent,
1024 1771 1117 1836 nulla
1141 1771 1190 1835 sui
1213 1770 1276 1852 pert

163 1877 263 1941 arsim
292 1882 457 1961 occupent.
508 1877 593 1942 Nam
622 1878 720 1942 arsirn
748 1877 835 1961 quod
862 1898 928 1941 non
955 1899 1083 1961 semper
1111 1898 1151 1941 ea
1179 1874 1276 1959 spllabr

164 1987 309 2066 occupat,
332 2006 415 2067 quae
439 1984 685 2067 grammaticum
710 1987 878 2048 accentum
902 1983 1010 2065 habet,
1033 1984 1068 2048 id
1090 1983 1173 2048 nihil
1197 1983 1236 2046 ad
1253 1981 1275 2044 lo

164 2089 270 2173 gioum
293 2090 448 2173 pertinet:
480 2091 531 2154 cui
555 2090 684 2175 quidem
707 2113 772 2155 non
796 2091 905 2154 minus
930 2091 1051 2155 satisfit
1074 2092 1103 2154 si
1128 2091 1218 2154 velut
1238 2087 1276 2152 riu

164 2197 343 2261 sententiae
366 2196 489 2261 habeus
516 2178 605 2261 olleo
628 2198 679 2261 vel
702 2218 829 2279 aequom
852 2219 1061 2262 numerorum
1085 2203 1221 2262 accentu
1240 2213 1276 2258 uu

162 2302 225 2366 hoc
248 2304 441 2388 intenditur,
464 2305 565 2381 acideo,
588 2304 729 2386 mpumn,
753 2305 808 2369 sed
831 2304 894 2370 hoo
916 2305 1024 2391 potius
1048 2306 1151 2385 uirkd,
1174 2303 1276 2385 aare

163 2407 238 2473 Nou
267 2410 328 2475 hoc
358 2412 476 2495 dicam,
508 2410 591 2474 nihil
620 2433 754 2494 prorsus
782 2411 939 2477 interesse
962 2412 1004 2476 ad
1027 2413 1094 2476 vim
1119 2411 1276 2477 sententio

164 2521 271 2581 utrum
295 2519 328 2581 in
353 2539 425 2582 eam
449 2518 624 2602 syllabam,
647 2541 745 2603 quam
769 2520 966 2584 consuetudo
989 2520 1121 2604 linguae
1145 2521 1276 2601 acuit,u

163 2624 198 2687 in
221 2647 292 2689 eam
316 2646 397 2709 quae
421 2626 636 2709 grammatico
661 2629 793 2689 accentu
817 2628 919 2710 earet,
947 2626 1031 2690 ictus
1055 2628 1208 2691 metricus
1228 2619 1276 2688 ind

164 2730 231 2793 dat:
256 2732 428 2795 concedam
453 2731 604 2814 copulato
629 2733 842 2815 grammatico
867 2754 939 2795 cum
963 2732 1152 2816 rhythmico
1176 2730 1276 2795 accentu

165 2839 307 2902 omnium
328 2838 544 2902 fortissimum
564 2843 729 2901 accentum
751 2838 891 2921 logicum
911 2840 1054 2921 prodire:
1079 2861 1163 2923 nego
1182 2837 1276 2901 nullon

165 2945 214 3008 vel
239 2945 352 3008 exilem
379 2947 447 3009 solo
471 2945 653 3027 rhythmico
678 2945 770 3008 effici.
803 2944 894 3020 Quod
918 2947 982 3009 nisi
1003 2947 1051 3010 ita
1070 2952 1163 3029 esset,
1185 2943 1276 3008 nullm

165 3073 316 3134 umquam
346 3058 508 3137 oxytonae
536 3053 623 3116 vocis
653 3049 812 3135 (qualium
842 3056 968 3114 tanturn
998 3074 1069 3115 esse
1098 3053 1132 3115 iu
1164 3050 1276 3116 versibus

163 3158 377 3240 frequentiam
406 3160 559 3242 vidimus)
588 3160 718 3243 gravius
747 3160 852 3222 efferri
881 3159 972 3222 uotio
1002 3160 1171 3242 potuisset.
1216 3155 1276 3235 erp

165 3264 225 3327 etsi
245 3266 356 3346 paullo
376 3288 453 3328 sane
473 3266 659 3330 distinctius
680 3266 791 3329 extolli
806 3267 947 3329 iuniorum
965 3267 1134 3330 notionem
1155 3264 1276 3329 sentim

164 3371 224 3434 hac
254 3373 467 3437 collocatione
495 3375 667 3437 verborum
690 3372 777 3437 Trio,
801 3373 879 3436 310:
919 3373 965 3435 Tu
990 3372 1134 3437 dreirumu
1157 3376 1184 3438 si
1203 3358 1276 3435 rrum

158 3477 320 3565 potius*),
353 3503 450 3563 quam
475 3481 535 3544 hac
561 3481 609 3544 Pu
631 3482 660 3544 si
682 3481 823 3542 aeriorum
846 3480 949 3542 uicisti
966 3481 1087 3560 pollue,
1120 3486 1220 3544 tamen
1240 3486 1276 3536 nd

254 3745 278 3810 *)
303 3744 362 3796 Hoc
386 3744 408 3796 si
434 3744 620 3814 elegantiores
644 3743 752 3797 scilicet
775 3742 855 3796 scioli
873 3742 988 3811 qnidam
1007 3746 1160 3814 propterea
1177 3758 1232 3798 esse
1246 3737 1276 3791 lot

164 3832 220 3886 tine
243 3832 279 3884 ad
303 3833 470 3885 senteutiam
495 3850 577 3900 quam
602 3835 724 3887 acetrum
742 3831 856 3899 docent,
879 3833 954 3900 quod
974 3833 1002 3886 iu
1022 3835 1146 3887 (iciunum
1166 3830 1276 3886 accentui

164 3920 244 3974 radix
263 3920 339 3973 vocis
359 3921 484 3990 recipiat,
504 3921 532 3975 in
551 3939 607 3991 qua
625 3921 686 3991 ipsa
704 3911 826 3974 dolionis
845 3920 1014 3990 significatio
1035 3923 1183 3989 consistat,
1203 3923 1228 3975 iu
1245 3934 1274 3971 ou

164 4013 238 4062 remo
257 4013 350 4062 autem
370 4009 528 4064 adventicia
546 4028 611 4080 pars
631 4011 719 4077 vocis,
739 4027 809 4080 quae
829 4011 1066 4080 cacuminato,
1086 4016 1215 4066 acuetur:
1236 4007 1276 4063 nit

164 4096 218 4150 uisi
242 4096 432 4166 ignorantiam
456 4098 578 4166 produnt
602 4116 694 4166 suam,
722 4099 930 4153 communicata
953 4117 1015 4153 curu
1040 4117 1144 4169 graece
1169 4102 1276 4166 latinum

165 4186 262 4255 lingua
287 4186 452 4240 remaculae
471 4186 584 4255 linguae
603 4189 725 4256 ratione,
754 4206 825 4256 quae
843 4189 879 4242 ab
899 4188 957 4242 illis
976 4192 1019 4243 eet
1038 4188 1220 4245 alienissima.
1256 4187 1274 4252 Q

164 4293 219 4342 quo
238 4275 353 4329 tandem
373 4276 492 4329 artificio
512 4278 641 4330 ellectum
661 4294 720 4331 esee
740 4278 849 4344 dicant,
874 4281 905 4330 ut
929 4277 987 4331 ullo
1011 4279 1041 4332 in
1059 4279 1123 4333 loco
1142 4281 1243 4333 talium
1260 4296 1276 4329 n

163 4364 270 4417 tionum
296 4363 403 4418 radices
426 4368 605 4432 acuerentur,
629 4366 725 4432 usuales
749 4370 814 4420 sunt
832 4368 964 4434 peruicit,
987 4369 1138 4421 laesoribus
1161 4386 1226 4423 oum
1249 4368 1276 4422 ol·

164 4452 307 4506 centenis?
