2836 5034
468 338 702 387 nausrurscnu
727 339 855 386 sensu.
1166 323 1230 388 667

124 480 184 546 siae
213 480 375 547 libertatis
405 482 606 547 academicae
637 482 685 546 vis
716 486 749 547 et
779 481 902 566 species
933 481 1231 566 comprehenditur:

124 587 227 653 vinum
250 586 480 671 iurisdictione,
503 588 617 653 deiude
636 588 769 654 docendi
792 592 826 653 et
849 588 1001 654 libertate
1024 592 1057 653 et
1081 587 1155 653 aliis
1174 589 1229 653 tri·

124 695 232 760 uendae
262 693 424 760 libertatis
452 694 620 778 facultate,
652 695 790 779 denique
817 717 868 759 res
897 717 972 760 suas
1002 716 1075 760 eum
1105 698 1231 761 ceteras

124 824 165 866 um
191 801 394 887 pecuniariae
424 800 671 867 administrandi
702 801 781 866 iure.
826 800 952 867 Harum
984 802 1127 887 partium
1158 824 1231 867 cum

124 908 213 993 »signe
236 912 365 993 praeter
387 908 529 994 reliquas
552 908 678 993 pondus
701 930 740 973 ea
762 907 897 994 habeat,
928 931 1011 994 quas
1033 908 1074 974 ad
1097 907 1232 975 docendi

124 1036 164 1080 rra
188 1018 327 1099 spectat,
351 1020 422 1079 tum
445 1013 529 1079 nihil
556 1015 651 1080 nobis
674 1014 861 1099 contingere
885 1015 1069 1100 exoptatius
1092 1014 1232 1080 beatius·

124 1141 157 1201 ue
175 1120 292 1205 potuit,
321 1142 419 1205 quam
447 1120 533 1205 quod
562 1120 645 1185 hanc
669 1121 937 1186 universitatibus
959 1120 1158 1204 libertatem,
1181 1122 1233 1187 cui

124 1247 184 1293 emo
206 1228 337 1313 ignorat
361 1231 485 1312 quanta
506 1248 603 1312 saepe
626 1226 769 1313 pericula
792 1227 1015 1292 imminuerint
1037 1232 1070 1293 et
1093 1228 1232 1294 fortasse

124 1333 272 1399 damnunc
290 1334 492 1417 immineant,
510 1332 623 1416 adbuc,
642 1333 669 1398 si
682 1333 824 1399 iudicare
846 1335 1061 1419 generatim
1075 1334 1233 1421 volumus,

124 1445 312 1507 onservatam
336 1446 394 1506 aut
411 1446 496 1507 certe
515 1462 579 1505 uon
599 1460 794 1526 magnopere
814 1439 1013 1505 deminutam
1030 1439 1127 1506 uobis
1146 1463 1232 1506 com·

124 1548 241 1632 uinique
264 1547 389 1633 patriae
414 1546 573 1633 gratulari
600 1547 687 1612 licet.
731 1545 816 1612 Nam
846 1547 909 1612 etsi
936 1548 1141 1613 conamina
1167 1571 1232 1615 non

124 1652 258 1720 efuerunt
276 1653 397 1739 partim
415 1657 530 1739 aperta
549 1659 582 1719 et
600 1653 782 1735 manifesta,
806 1653 926 1739 partim
946 1653 1077 1737 obliqua
1095 1659 1129 1720 et
1147 1654 1233 1720 clau·

124 1763 229 1846 eetina,
262 1761 379 1847 quibus
411 1782 574 1825 summum
608 1761 729 1826 bonum
759 1761 902 1826 humano
935 1759 1045 1846 generi
1078 1761 1233 1827 divinitus

124 1869 303 1952 opertitum,
341 1866 425 1951 quod
459 1867 642 1933 continetur
674 1867 827 1933 scientiae
859 1866 997 1950 lumine,
1031 1888 1048 1931 e
1080 1867 1149 1933 solo
1181 1868 1233 1933 cui

125 1977 183 2037 aret
196 1973 342 2039 veritatis
356 1973 493 2058 imperio
508 1979 693 2059 exemptum
712 1974 752 2039 ad
771 1975 925 2040 fortuitas
944 1972 1098 2057 rationes,
1115 1972 1235 2039 caduca

124 2080 223 2147 unsilia
238 2085 272 2145 et
286 2081 456 2167 ambiguas
471 2081 640 2166 opiniones
655 2080 706 2145 vel
721 2081 863 2146 civitatis
877 2082 928 2146 vel
942 2080 1094 2146 ecelesiae
1109 2101 1233 2146 accom-

124 2187 288 2254 rodaretur:
309 2224 349 2234 —
370 2189 431 2253 etsi
459 2187 578 2252 liberae
606 2191 640 2252 et
668 2187 799 2274 linguae
827 2191 861 2252 et
883 2187 1000 2252 mentis
1026 2208 1105 2253 nou
1135 2186 1233 2251 nulli

124 2290 229 2361 indices
253 2295 351 2360 etiam
375 2295 621 2377 succubuerunt,
643 2315 702 2379 pro
721 2294 884 2360 libertatis
902 2293 990 2359 illius
1008 2293 1233 2360 incolumitate

124 2416 288 2488 ranaeque
313 2402 462 2467 fortunas
486 2401 690 2486 devoventes,
713 2401 769 2467 alii
792 2406 901 2468 autem
923 2401 958 2465 in
980 2402 1084 2467 lucem
1109 2407 1142 2466 et
1164 2422 1233 2467 are·

124 2524 167 2573 lm
189 2509 323 2574 omniuo
347 2508 525 2593 prodeundi
550 2508 619 2573 vias
643 2508 704 2574 sibi
731 2507 924 2574 interclusas
946 2512 1170 2593 reppererunt:
1191 2544 1230 2555 -

124 2632 197 2680 men
224 2615 363 2681 feliciter
389 2615 578 2700 plerumque
606 2616 671 2680 illis
699 2616 837 2699 repulsis
865 2615 1089 2681 conaminibus
1113 2613 1161 2701 (et
1183 2636 1232 2679 re-

124 2719 221 2786 ulsum
241 2723 280 2786 iri
300 2721 398 2786 etiam
419 2743 457 2785 ea
476 2721 675 2804 confidimus,
695 2722 812 2806 quibus
831 2723 882 2787 his
902 2723 981 2807 ipsis
999 2721 1113 2787 diebus
1137 2722 1233 2787 colle

124 2841 203 2892 trum
230 2833 414 2893 nostrorum
443 2826 679 2892 Kiloniensium
709 2827 863 2894 honestas
891 2833 924 2893 ct
947 2828 1130 2894 constantia
1158 2852 1233 2894 con·

124 2925 246 3021 letatur)
265 2957 303 2999 eo
326 2935 394 3000 fere
417 2935 449 3000 in
474 2935 554 3018 loco,
578 2935 605 2999 si
629 2936 669 3000 ab
694 2935 937 3001 Austriacarum
960 2941 1121 3001 terrarum
1145 2941 1231 3001 tene-

124 3039 160 3107 ris
171 3044 354 3121 recesseris,
375 3042 557 3107 litterarum
572 3042 788 3108 docendarum
802 3043 837 3107 iu
856 3043 1017 3109 communi
1036 3043 1143 3127 patria
1157 3065 1233 3109 cou-

125 3150 248 3216 eionem
276 3152 470 3216 collocatam
501 3149 658 3235 videmus,
691 3156 727 3214 ut
759 3150 871 3216 solacii
899 3158 932 3218 et
957 3151 1103 3218 laetitiae
1135 3173 1232 3235 quam

124 3259 245 3323 auroris
265 3261 298 3322 et
316 3256 558 3322 lamentationis
578 3256 675 3342 longe
694 3261 727 3321 et
750 3257 860 3342 plures
879 3264 913 3323 et
929 3259 1080 3324 iustiores
1101 3280 1233 3323 caussas

124 3370 237 3429 ¹ventas
258 3386 329 3428 esse
353 3362 446 3428 nobis
471 3363 689 3428 confitendum
713 3364 766 3447 sit,
790 3364 908 3449 quippe
928 3364 1045 3448 quibus
1068 3387 1128 3430 nec
1151 3387 1233 3450 quae

124 3471 271 3556 igitamus
295 3470 401 3555 eloqui
425 3492 495 3535 esse
521 3471 657 3536 vetitum
676 3471 781 3536 soleat
803 3475 836 3535 et
859 3492 933 3535 vero
958 3493 1040 3556 quae
1064 3494 1140 3537 vera
1163 3495 1234 3537 esse

124 3575 336 3662 ignoverimus
365 3578 463 3641 etiam
494 3600 558 3662 qua
587 3578 723 3643 velimus
751 3576 885 3642 docendi
914 3576 1020 3643 forma
1048 3583 1081 3644 et
1108 3580 1233 3645 ratione

124 3682 287 3749 edentibus
320 3683 446 3748 tradere
480 3683 613 3749 iamiam
646 3685 785 3749 liberum
818 3706 887 3749 esse
920 3682 1075 3750 videatur.
1128 3685 1234 3753 Multo

124 3790 190 3857 iam
216 3790 324 3855 minus
344 3790 417 3855 eliis
435 3790 626 3856 tribuendae
646 3790 780 3857 docendi
800 3790 962 3856 libertatis
981 3792 1129 3875 facultas,
1153 3814 1235 3878 quae

124 3900 193 3964 lera
221 3895 343 3980 species
373 3900 423 3960 est
449 3896 544 3962 huius
572 3898 712 3982 generis,
740 3919 841 3981 eaque
869 3920 936 3964 non
966 3899 1127 3965 immerito
1150 3902 1233 3966 tanti

124 4025 220 4089 mper
248 4001 372 4082 habita,
401 4006 438 4066 ut
467 4003 572 4086 ipsum
601 4008 698 4088 caput
726 4004 928 4070 academicae
960 4006 1076 4071 salutis
1109 4006 1143 4070 in
1174 4006 1235 4071 illa

124 4110 269 4179 asistere
296 4091 471 4192 fideretur,
499 4109 561 4173 dici
590 4114 699 4194 potest
726 4111 777 4176 vel
806 4134 921 4197 reapse
945 4113 1142 4178 labefactata
1164 4134 1235 4177 esse

124 4219 135 4285 Ι
166 4216 411 4302 angustioribus
441 4238 537 4301 quam
562 4238 700 4302 aequum
724 4219 768 4284 sit
799 4219 958 4286 limitibus
983 4219 1234 4304 circumscripta

124 4324 202 4391 »ullo
225 4322 387 4407 iniquiore
410 4323 597 4390 condicione
620 4347 679 4391 nos
703 4326 752 4391 uti
771 4331 900 4392 constat
918 4327 952 4392 in
971 4349 1010 4392 ea
1027 4331 1128 4412 parte,
1151 4349 1234 4412 quae

124 4453 152 4498 n
176 4428 288 4495 miuus
307 4430 392 4514 aptis
410 4430 546 4497 vinculis
566 4455 639 4500 cum
662 4433 1021 4500 administrationis
1044 4456 1141 4520 quam
1160 4457 1233 4502 cum
