2886 5032
447 39 554 81 FVDUI'
583 39 709 61 Ηλῑῠυω
739 39 808 59 ΗΜΛ
837 39 1004 79 unfuwvbl.
1037 39 1154 79 fvt-mov·
1201 39 1268 59 fluv
1291 39 1377 59 buuu
1401 39 1441 58 uu

447 105 522 169 licat
552 108 821 188 commonstrare,
849 103 966 187 quibus
995 102 1184 186 disciplinae
1213 102 1369 187 cuiusque
1398 125 1443 186 sp

447 211 596 295 metiare,
625 211 702 275 licet
729 211 888 295 principia
914 209 1070 294 quaedam
1095 211 1292 274 constituere
1316 209 1416 272 latius

446 317 563 402 quibus
587 318 716 402 singula
739 339 885 402 quaeque
908 320 1062 402 regantur
1091 320 1123 380 et
1146 316 1374 380 terminentur:
1403 338 1423 379 a

446 424 528 507 ipsis
561 423 700 508 singulis
732 425 856 489 versari
888 423 1011 509 poteris
1045 423 1200 487 acerrimo
1234 421 1342 485 studio
1380 443 1442 505 exp

447 527 627 614 Vtrumque
652 549 753 613 genus
781 552 853 594 oum
885 529 1050 614 propriam
1080 529 1201 593 habeat
1228 527 1421 611 utilitatem,

446 635 581 718 luptatis
605 636 774 720 aliquanto
802 637 875 722 plus
908 637 1028 701 habere
1060 639 1152 719 patet
1183 636 1283 720 prius.
1329 635 1369 700 Iu
1399 635 1434 699 ill

446 741 665 807 floridioribus
697 744 935 808 commentandi
965 743 1045 807 locis
1078 745 1213 836 quaerat
1245 741 1410 825 quispiam

447 849 655 914 maluerimus
676 850 820 917 versari?
851 849 974 914 Verum
993 851 1079 914 enim
1102 872 1179 914 vero
1203 849 1241 913 tle
1266 871 1329 934 quo
1355 870 1437 934 gene

445 959 554 1038 potest
590 957 831 1041 percommode,
867 957 901 1021 id
938 979 1003 1021 nou
1037 957 1189 1021 contiuuo
1222 959 1334 1040 aptum
1373 959 1424 1020 cst

446 1062 640 1147 putandum,
672 1085 738 1127 non
770 1062 855 1147 quod
889 1085 1003 1147 parum
1037 1065 1154 1128 afferat
1181 1063 1221 1126 ad
1250 1061 1442 1145 disceptand

445 1170 564 1252 toriae,
596 1170 652 1233 sed
680 1169 766 1253 quod
783 1170 933 1234 nimium.
980 1167 1065 1232 Nam
1093 1168 1147 1253 qui
1172 1169 1252 1233 satis
1276 1167 1356 1232 illud
1389 1191 1437 1251 re}

444 1296 510 1339 non
546 1297 643 1359 posse
678 1277 716 1339 de
746 1276 793 1339 rei
827 1276 979 1359 cuiusque
1014 1297 1140 1339 summa
1171 1275 1351 1359 generatim
1390 1298 1437 1339 a·

445 1402 535 1445 verse
562 1380 706 1466 iudicari,
737 1383 799 1447 uisi
831 1383 904 1466 ipsa
936 1383 1064 1467 singula
1092 1403 1246 1469 quaeque
1266 1383 1397 1466 penitus
1434 1411 1440 1439 ι

445 1486 477 1550 in
502 1493 656 1572 promptu
685 1489 805 1553 habeas
836 1494 869 1553 ct
893 1493 983 1553 extra
1007 1488 1243 1554 dubitationem
1271 1489 1397 1572 posita:
1420 1488 1443 1552 f=

444 1595 499 1678 plo
529 1595 685 1659 maiorem
713 1617 783 1659 esse
808 1596 903 1660 huius
928 1597 1055 1680 generis
1084 1594 1310 1660 difficultatem
1334 1616 1443 1660 conc·

444 1700 635 1782 plitudiuem
660 1706 768 1767 autem
796 1706 940 1784 tantam,
972 1705 1009 1765 ut
1037 1707 1094 1766 aut
1121 1701 1189 1765 dies
1216 1701 1346 1765 deficiat
1374 1701 1440 1764 dis

444 1812 501 1871 aut
536 1807 661 1872 incerta
696 1809 827 1873 vacillet
864 1810 969 1873 omnis
999 1807 1177 1891 disputatio
1210 1810 1244 1871 et
1281 1812 1420 1892 vagetur

444 1913 501 1977 rio.
548 1914 753 1998 Quapropter
784 1899 921 1980 alterum
956 1919 1084 1979 tautum
1119 1933 1222 1997 genus
1249 1917 1355 1977 restat
1382 1936 1424 1977 au

442 2023 526 2083 tum:
555 2021 640 2104 quod
668 2022 798 2104 quidem
825 2026 913 2086 recte
947 2021 1086 2105 amplexi
1114 2041 1185 2084 esse
1212 2019 1308 2084 nobis
1338 2019 1434 2084 videb

443 2126 539 2191 modo
568 2148 681 2210 reapse
711 2129 894 2211 promoveri
923 2126 1137 2211 philologiam
1166 2147 1217 2209 ea,
1249 2147 1347 2210 quarn
1381 2148 1435 2190 ex

443 2234 715 2299 commentatione
739 2234 848 2300 doceri
872 2234 986 2318 possit.
1027 2232 1135 2317 Atque
1158 2232 1220 2296 hoc
1242 2232 1351 2326 ipsum
1376 2255 1440 2321 pau

443 2360 626 2422 persequar.
671 2340 802 2405 Etenim
833 2340 874 2403 ab
898 2339 1048 2403 omnibus
1071 2337 1183 2421 hodic,
1206 2342 1294 2422 puto,
1317 2338 1443 2403 intelle

443 2448 476 2507 et
499 2445 732 2510 luculentorum
757 2446 851 2527 copia
871 2446 1089 2527 exemplorum
1110 2444 1192 2508 satis
1211 2445 1428 2527 comprobatu
