2886 5032
387 306 647 355 nmnnrronrs
672 306 880 353 rnnvrman.
1146 289 1210 353 427

55 449 164 514 tiliter
177 447 407 516 Fleckeisenus
425 471 528 535 nuper
545 448 654 513 docuit
669 448 795 532 [Exere.
810 448 916 513 Pleut.
930 471 960 531 p.
974 450 1017 512 48
1030 451 1100 532 sq.].
1136 447 1212 513 Non

54 556 184 621 maiore
208 578 308 641 opera
332 554 435 623 Stichi
459 556 501 635 Il,
524 558 555 639 2,
578 556 622 620 60
644 555 839 620 restituitur:

146 698 223 765 Idm
245 721 298 784 eye
320 721 388 765 non
411 699 494 764 facio
514 699 708 764 aristionem:
731 719 807 762 oram
831 697 952 782 obtigit
975 698 1020 761 mi
1042 696 1211 761 here'ditas.

52 841 91 907 ln
121 841 332 907 Menacebm.
354 839 395 925 V,
418 843 447 923 5,
471 842 514 906 22
538 844 645 906 autern
673 863 732 925 pro
755 842 889 924 percipit
915 841 1041 905 insanio
1068 841 1141 923 ipso
1165 860 1212 903 re·

52 949 171 1035 posito
194 948 404 1014 coniunctivo
429 948 545 1013 scribe:

704 1054 780 1140 quid
804 1058 911 1120 cessas
936 1055 1012 1119 dare

147 1162 303 1229 Potionis
327 1161 458 1247 aliquid,
480 1162 667 1246 priusquam
691 1162 850 1246 percipiat
872 1162 1020 1226 insania?

51 1307 130 1373 Alia
168 1303 322 1387 exempla
359 1307 540 1370 ceterarum
573 1304 798 1369 emendatione
831 1305 1014 1369 fabularum
1038 1304 1370 1368 tollentur.crxxxv11

48 1412 116 1479 Sed
137 1411 188 1478 ad
207 1411 438 1476 Terentianum
457 1411 568 1494 adpetit
585 1412 774 1477 industriam
793 1412 1026 1477 defendendum
1049 1433 1114 1476 non
1138 1417 1212 1476 utar

48 1521 113 1586 bac
133 1518 436 1584 demonstratione:
455 1518 511 1582 ubi
530 1540 602 1583 eum
621 1516 771 1584 Bentleio
790 1541 923 1602 prorsus
941 1519 1087 1584 desidero
1106 1524 1212 1584 nostra

46 1626 268 1713 pronominis
295 1625 476 1708 notionem,
504 1625 605 1711 clapsi
635 1629 743 1690 autem
772 1626 920 1690 versiculi
952 1626 1087 1691 alicuius
1117 1625 1211 1691 video

47 1736 154 1801 οῒίιω
184 1733 257 1798 alia
280 1733 428 1817 exempla
450 1733 586 1817 proponi
610 1754 716 1817 posse,
739 1738 776 1798 ut
823 1796 824 1800 ,

194 1875 398 1960 Bonitasque
421 1875 579 1956 adiutans,
604 1896 686 1961 quae
710 1876 849 1941 antehac
871 1876 905 1941 in
928 1858 1024 1942 uobis
1047 1879 1121 1943 fuit:

197 1980 402 2065 Bonitasque
425 1985 545 2065 nostra,
568 2004 649 2067 quae
674 1982 755 2048 alias
780 1984 921 2049 adiutrix
944 1985 1015 2049 fuit.

10 2106 14 2135 ³
137 2125 248 2192 Nunc
281 2128 402 2204 autem,
434 2128 605 2209 postquam
638 2146 711 2190 eum
743 2128 864 2210 locum,
896 2127 950 2211 qui
983 2132 1033 2192 est
1062 2126 1100 2190 de
1130 2149 1210 2192 eor·

38 2235 242 2322 raptione
272 2230 476 2316 longarum
499 2232 705 2315 vocalium,
733 2233 779 2298 ita
802 2234 850 2298 uti
874 2233 1009 2298 fecimus
1033 2236 1212 2317 pertracta-

10 2368 14 2385 ·
39 2344 166 2423 rimus,
195 2337 300 2404 simul
317 2342 454 2422 apparet
473 2360 529 2403 our
548 2338 718 2405 brevium
743 2340 937 2406 vocalium
960 2339 1211 2425 productioni

10 2416 182 2547 lnullnm
210 2445 348 2511 omnino
372 2445 480 2510 locum
503 2445 537 2511 in
560 2446 713 2530 prosodia
736 2447 864 2531 quidem
884 2447 1036 2513 Plautina
1060 2447 1211 2513 conceda·

41 2581 127 2640 mus,
154 2552 222 2620 sed
247 2556 376 2616 tantum
401 2552 540 2637 aliquem
564 2554 597 2616 in
620 2554 763 2618 metrica.

530 2839 642 2886 cnrvr
666 2821 753 2885 XIV.

136 2964 278 3043 Quibus
303 2966 412 3026 autem
435 2963 677 3028 condicionibus
701 2965 860 3048 syllabam
884 2963 1067 3047 ancipitem,
1091 2965 1211 3029 eisdem

43 3072 184 3141 admitti
213 3068 366 3132 hiatum
389 3073 526 3134 constat.
568 3069 661 3135 Nihil
688 3071 791 3154 igitur
813 3071 1003 3154 suspitionis
1027 3070 1210 3135 Trinummi

44 3180 124 3247 baec
142 3174 308 3260 exempla
325 3174 456 3258 habent,
478 3176 593 3261 quibus
613 3177 777 3260 proditum
793 3178 826 3242 in
841 3178 933 3242 libris
948 3178 1074 3242 hiatum
1089 3178 1210 3261 partim

10 3384 20 3392 .
50 3287 181 3354 servari
204 3282 332 3369 partim
351 3283 511 3367 revocavi,
533 3307 562 3349 r.
582 3285 656 3348 273.
676 3284 750 3349 432.
774 3285 848 3348 907.
876 3285 968 3350 1059.
995 3285 1088 3349 1071.
1111 3285 1210 3351 1185:

91 3411 256 3478 Gloriam
282 3411 316 3471 et
334 3407 488 3488 prdtiom:
511 3408 566 3473 bo'e
588 3409 698 3492 probis
723 3409 903 3492 pretiumst.

89 3520 267 3601 Tempdst
290 3513 472 3601 adcrmdi.*)
495 3514 559 3579 LE.
582 3516 663 3580 cetae
685 3515 737 3580 hia
760 3514 869 3581 Philto
894 3516 948 3600 qui
973 3516 1126 3580 riduenit?

90 3626 207 3691 Ldbet
223 3620 345 3686 audire.
361 3619 423 3686 SY.
438 3621 488 3686 illi
503 3622 617 3705 edepol
632 3622 730 3686 illi-
744 3622 793 3686 illi
807 3659 844 3667 —
860 3644 919 3687 nae
935 3623 1053 3686 misero
1069 3620 1210 3705 mihi.**)

92 3716 144 3796 llo
178 3730 331 3793 domum.
369 3723 435 3790 CH.
467 3726 546 3791 heus
577 3731 627 3809 tu,
657 3733 729 3791 asta
759 3727 845 3792 ilico.
874 3726 1033 3812 anacim),
1063 3729 1136 3793 boris
1166 3732 1209 3791 tu.

705 3832 762 3898 ST.
787 3856 852 3897 non
877 3840 936 3900 sto.
975 3834 1041 3899 CH.
1065 3838 1097 3899 te
1125 3835 1210 3899 uolo

140 3999 170 4064 ¹)
192 3990 334 4065 [Dubitat
351 3990 386 4045 de
404 3991 458 4045 hoo
476 3992 605 4061 exemplo
624 3991 794 4046 Ritaehelius
812 3991 842 4045 in
861 3993 902 4045 ed.
922 3992 983 4061 alt]

118 4082 238 4155 **)[1n
264 4080 310 4134 ed.
334 4079 382 4134 alt
407 4079 577 4136 llitschelius
600 4081 758 4135 annotavit:
785 4080 844 4134 ‘illi
867 4081 911 4134 illi
934 4081 977 4134 illi
1000 4098 1062 4135 curn
1082 4081 1210 4137 Acidalio

49 4174 243 4237 llemannnn,
263 4167 369 4225 merito
387 4168 503 4224 fortasse
522 4170 671 4239 probatum
686 4168 794 4223 Naelrio
814 4169 848 4223 de
868 4168 950 4225 allitt.
970 4188 997 4238 p.
1013 4175 1072 4224 382.
1092 4171 1149 4224 illic
1167 4171 1211 4224 illi

48 4262 204 4321 lnellemr
225 4260 265 4315 de
286 4273 407 4328 prosp.
427 4263 478 4313 568
496 4257 579 4312 valde
598 4258 795 4326 inconcinne’]

95 4355 158 4426 m)
180 4352 233 4426 [ln
253 4347 302 4405 ed.
323 4345 373 4402 alt
392 4363 448 4401 non
466 4345 610 4416 displicuit
628 4346 782 4402 Ritachelio
802 4348 891 4401 audin
914 4346 1085 4401 aMuellero
1108 4361 1208 4415 propo-

46 4444 150 4516 aaa]
