2836 5034
228 122 292 186 518
513 126 777 180 oaonaoouauu
801 128 848 174 nu:
873 123 1100 172 aarrouravs-

230 278 461 347 consuetudine
492 297 586 340 aures
616 273 691 338 ilico
722 273 879 355 respuant
908 272 946 333 ut
976 266 1150 352 analogiae
1180 289 1293 334 comme
1372 261 1418 292 ¹

230 389 319 452 tione
349 384 533 450 destitutas.
579 380 722 444 Rursum
753 383 862 448 autem
891 380 942 460 ut,
974 397 1058 462 quae
1095 375 1139 440 sit
1170 397 1242 440 vera
1260 376 1388 441 dise*

231 493 328 559 bendi
346 491 442 574 ratio,
464 486 688 572 investigetur,
707 507 773 551 non
793 488 843 549 est
861 483 984 548 certius
1002 482 1159 548 indicium
1178 484 1212 547 in
1228 505 1302 568 prom
1333 498 1373 551 ι’
1413 489 1418 500 ”

232 623 330 685 quam
359 597 445 683 quod
473 617 623 661 versuum
653 615 726 658 oum
754 590 989 657 sententiarum
1017 589 1138 655 finibus
1166 612 1309 675 exaeqnan
1366 613 1418 640 .-

232 729 304 771 rum
319 704 457 770 artificio
474 702 669 768 continetur
706 697 796 775 Quae
809 698 862 762 lex
877 697 939 761 etsi
960 718 1028 761 non
1046 700 1098 761 est
1116 717 1188 767 eam
1206 696 1282 780 inp
1360 724 1364 733 ⁴

233 811 478 897 interpretanda
506 809 659 893 rigidius,
691 806 783 925 quasi
814 827 882 869 non
911 802 1091 868 commodis
1122 804 1204 869 loeis
1233 805 1354 890 aptisq

234 920 423 1002 modis,ut
450 917 484 980 in
514 915 602 978 omni
633 913 739 999 poesi,
771 912 820 976 ita
846 910 901 975 hie
927 932 1055 995 quoque
1084 911 1196 997 aliqua
1225 933 1262 976 ex
1289 934 1319 996 p
1352 886 1418 966 s

235 1028 417 1109 discrepare
442 1044 651 1088 numerorum
670 1020 908 1103 verborumque
927 1018 1058 1083 ordines
1078 1017 1255 1102 potuerint,
1276 1024 1347 1086 uua

235 1136 370 1219 generat
372 1131 416 1195 im
448 1131 493 1194 sic
526 1130 604 1194 licet
634 1129 696 1193 hoo
727 1147 829 1212 genus
858 1126 992 1191 definire
1020 1129 1070 1212 nt,
1101 1148 1167 1211 quo
1196 1092 1409 1211 saepiussi

238 1238 461 1303 vehementius
491 1236 671 1302 sententiae
701 1234 830 1300 vinculo
859 1233 963 1319 ligata
991 1232 1096 1298 oratio
1120 1233 1268 1298 metricis
1297 1265 1348 1290 or·-

237 1346 305 1408 bris
337 1345 538 1427 discerpatur
569 1345 602 1405 et
632 1345 800 1426 tamquam
831 1345 1035 1424 amputetur,
1067 1362 1104 1405 eo
1139 1340 1343 1425 improbab''

238 1452 355 1517 evadat
382 1472 480 1536 quam
508 1472 672 1533 proponas
701 1449 931 1514 distinctorum
953 1448 1097 1512 interae
1122 1470 1278 1513 versuum
1300 1471 1342 1513 m·

238 1581 357 1624 suram.
404 1558 512 1642 Atque
536 1557 598 1622 hoc
622 1557 701 1622 iilud
726 1560 791 1640 est,
813 1555 846 1620 in
871 1577 935 1639 quo
960 1555 1225 1620 emendationem
1248 1577 1312 1622 non
1343 1591 1344 1598 ι

238 1665 369 1730 mittere
399 1669 540 1746 tantum,
574 1663 631 1729 sed
657 1663 808 1748 flagitare
836 1660 1113 1727 Hermannianam
1142 1661 1346 1749 discription

239 1771 307 1835 eius
332 1771 449 1835 cantici
472 1771 688 1835 intellexerim
713 1769 798 1853 quod
822 1768 929 1833 estin
952 1767 1144 1832 Trinummo
1168 1791 1191 1834 a
1214 1793 1246 1835 v.
1264 1771 1327 1836 223

239 1879 318 1942 300:
343 1878 430 1963 quod
452 1877 508 1942 ille
532 1878 608 1961 ipse,
632 1877 660 1942 si
679 1878 741 1941 huc
761 1875 940 1960 posteriore
959 1878 1106 1958 tempore
1126 1897 1283 1942 reversus

240 1985 382 2051 dubitari
410 1984 525 2069 nequit
552 1984 628 2069 quin
662 1984 760 2069 longo
791 1982 885 2048 aliter
916 1982 1132 2065 discripturus
1162 1981 1277 2050 fuerit
1331 1992 1345 2041 Ἠ

241 2096 423 2157 mentorum
447 2091 549 2176 igitur
572 2091 720 2175 exemplo
744 2090 880 2172 ducant,
904 2090 960 2174 qui
982 2088 1016 2153 in
1037 2089 1101 2154 hoo
1124 2111 1260 2175 genere·
1274 2092 1329 2158 ali

241 2201 356 2265 volunt
386 2199 555 2283 proficere,
588 2201 787 2282 quantopere
817 2201 946 2281 praeter
977 2200 1084 2262 cetera
1115 2196 1183 2263 hoc
1217 2221 1330 2265 caven
1413 2246 1416 2251 -

118 2331 228 2372 ccxovr
244 2307 295 2389 sit,
318 2328 358 2371 ne
381 2305 415 2369 in
439 2327 590 2370 versuum
610 2306 707 2369 finem
725 2303 802 2368 novi
820 2303 977 2368 enuntiati
997 2304 1128 2370 initium
1146 2305 1286 2390 incidat,
1306 2330 1328 2392 p
1399 2384 1402 2398 ι

241 2413 353 2478 sertim
387 2413 414 2477 si
447 2413 478 2477 id
511 2412 620 2497 aliqua
657 2411 882 2478 coniunctione
916 2409 1026 2496 flav)
1080 2410 1175 2497 Ergo
1211 2414 1352 2480 maturi

242 2521 433 2604 disciplinae
458 2519 643 2583 auctoritati
664 2541 724 2581 uos
744 2539 871 2602 quoque
892 2516 1198 2602 obsecundavimus,
1222 2543 1296 2586 cnm
1320 2550 1327 2575 ι

242 2649 390 2689 versuum
415 2625 590 2688 divisiones
614 2647 679 2687 non
703 2624 911 2696 toleravimus
935 2625 1046 2709 quales
1070 2625 1132 2690 hae
1157 2628 1266 2693 fuere:

310 2768 360 2832 lta
384 2768 518 2831 fridiani:
543 2767 588 2830 ita
612 2767 720 2851 placet
743 2767 795 2830 mi.
830 2766 982 2831 Omnium
1006 2769 1149 2851 primum
1176 2773 1296 2836 amoris

312 2874 401 2938 Artis
426 2876 569 2958 eloquar,
594 2873 862 2956 quemadmodum
886 2875 1071 2959 expediant:
1095 2880 1278 2961 numquam

310 2983 411 3045 Αιιιόι
435 2980 724 3064 quemquam,u1'si
748 2980 897 3063 cupidum
922 2981 1084 3045 hominem
1111 2985 1262 3064 postulat
1283 3006 1311 3046 se

310 3087 462 3152 Conicere
487 3088 520 3149 in
545 3088 658 3170 plagiis
815 3124 851 3130 ι-
910 3124 939 3132 -
990 3126 1028 3132 --
1100 3127 1118 3132 --
1173 3127 1214 3135 —
1263 3127 1297 3138 —

312 3189 360 3276 ibi
385 3212 441 3274 ille
466 3213 596 3276 cuculus
621 3232 701 3292 oceo,
726 3211 817 3274 ocule
842 3213 894 3291 nri,
918 3209 979 3275 fiat
1002 3218 1035 3275 et

313 3337 669 3418 Istucotsirinlplius
727 3376 732 3379 -
815 3374 854 3381 --
917 3375 939 3379 -
1085 3377 1122 3382 ⁸-
1175 3379 1216 3385 -.
1271 3378 1292 3385 ,-

333 3531 357 3595 *)
384 3529 414 3581 ld
441 3546 503 3582 cum
530 3529 618 3583 multo
645 3528 735 3597 magis
763 3545 781 3582 a
800 3529 915 3583 senariis
934 3530 1098 3598 abhorreat,
1124 3530 1328 3603 aliquotiena

244 3618 371 3673 Bentleio
390 3617 558 3687 neglectum.
596 3618 682 3672 Velut
700 3618 777 3672 nullo
797 3619 879 3672 modo
900 3625 950 3673 oret
968 3620 1109 3690 particula
1128 3623 1272 3679 terminari
1289 3640 1310 3691 p¹

244 3708 427 3763 Terentianus
447 3724 541 3761 vorsus
561 3725 643 3776 quem
662 3727 689 3777 p.
709 3722 768 3762 cxx
788 3711 864 3776 [370]
884 3726 981 3763 sanare
1001 3711 1103 3764 studui.
1143 3713 1283 3767 Horridius
1300 3733 1314 3757 υ
1408 3722 1415 3759 :

243 3801 272 3853 in
297 3816 330 3852 eo
356 3814 453 3851 versus
477 3797 538 3850 loco
564 3803 588 3851 ct
612 3799 737 3852 futurum
764 3798 801 3852 sit
825 3798 870 3852 vel
894 3804 924 3852 ot
951 3799 995 3853 vel
1020 3817 1061 3854 ne.
1099 3801 1143 3855 Ne
1173 3820 1254 3872 »reque
1276 3821 1299 3869 φ

244 3887 420 3941 tolerandum
444 3903 504 3939 esse
528 3887 636 3940 ostendi
660 3887 729 3940 Mus.
753 3887 851 3957 philol.
871 3891 890 3941 t.
919 3888 956 3941 lv
975 3907 1001 3957 p.
1021 3896 1073 3942 582
1093 3891 1140 3957 [=
1161 3892 1259 3960 Opusc.
1277 3886 1344 3959 phil*

244 3997 268 4046 p.
290 3978 361 4043 335]¹
400 3975 500 4030 Paucis
526 3975 660 4044 exemplis
686 3976 838 4031 admissum
867 3995 926 4031 csse
954 3979 1011 4031 nisi
1038 3977 1163 4046 videtur,
1193 3982 1225 4032 ut
1247 3964 1347 4047 eapelt

244 4075 268 4130 o,
284 4073 329 4120 66:
351 4081 522 4133 quamquam
541 4064 705 4133 plerumque
725 4065 810 4120 dubia
829 4084 873 4120 res
893 4069 943 4121 cst.
977 4066 1038 4120 Nisi
1058 4066 1134 4134 quod
1153 4068 1250 4122 Militis
1267 4056 1348 4131 ua!

244 4158 350 4208 certum
370 4155 413 4207 est
436 4171 491 4207 non
513 4170 571 4206 esec
595 4171 628 4206 ca
647 4153 786 4222 particula
811 4156 951 4209 senarium
971 4155 1123 4210 finiendum
1146 4174 1210 4211 cum
1236 4156 1304 4209 Herm
1328 4175 1329 4187 ι
1350 4171 1351 4174 ’
1376 4144 1411 4209 ἰν

245 4243 284 4295 El.
305 4244 331 4296 d,
352 4246 430 4298 metr.
450 4262 477 4313 p.
501 4248 558 4294 132.
