2886 5032
146 311 213 376 702
373 318 609 369 narnruiscan
633 302 1068 382 reseruassemus,

144 477 261 551 turam,
286 465 450 531 communi
474 465 598 548 impetu
623 462 808 526 litterarum
831 458 1100 524 universitatibus
1123 457 1257 535 minantur,
1303 466 1306 493 ³

147 601 167 642 a
190 574 383 640 laetioribus
406 571 505 635 etiarn
530 569 653 654 quartis
677 568 758 631 haec
775 566 876 630 tertia
893 564 1075 631 saecularia
1091 565 1258 647 excipiantur.

149 682 264 747 Valete
287 678 447 762 nobisque
470 677 586 742 favete.
791 736 795 744 ,

231 786 462 852 Scribebamus
482 783 616 849 Bonnae
641 781 721 846 XIII
743 780 817 846 Kal.
836 778 924 864 Sept.
939 802 968 843 a.
987 792 1257 846 cmrocccxxxxnn

621 1032 834 1043 ..—-——

711 1227 740 1291 6.

171 1368 613 1434 Gratulationsadressc
642 1367 707 1432 der
734 1367 887 1432 Bonner
914 1365 1161 1432 Universitit
1184 1382 1243 1426 aun

207 1474 650 1561 dreihundcrtjithrigen
673 1474 873 1539 Jubiliium
897 1473 967 1538 der
990 1471 1219 1538 Universitit

645 1582 683 1646 in
706 1581 813 1647 Jena.

239 1724 361 1791 Rector
386 1730 420 1791 et
443 1724 581 1790 Senatus
604 1723 613 1809 i}
637 1722 868 1789 Vniversitatis
891 1720 1088 1787 Fridericiae
1111 1713 1258 1786 Guilelnia

150 1829 325 1895 Rhenanae
348 1830 357 1917 l
389 1831 420 1896 S.
442 1831 477 1898 P.
500 1829 540 1896 D.
562 1828 571 1916 l
593 1829 778 1896 Protectori
806 1834 840 1895 et
867 1828 1005 1896 Senatui
1026 1829 1038 1912 I
1059 1827 1188 1894 Inclitae
1209 1817 1258 1887 vn

154 1937 320 2002 versitatis
344 1938 500 2003 lenensis.

246 2060 328 2126 Tam
347 2060 493 2145 profecto
512 2059 686 2125 iucundum
705 2081 803 2144 quam
821 2058 1038 2153 honorificum
1060 2059 1153 2125 nobis
1173 2048 1259 2124 acolt

157 2166 242 2251 quod
270 2172 367 2232 natae
396 2170 470 2232 ante
498 2166 579 2232 hacc
606 2165 670 2230 tria
698 2165 826 2230 saecula
848 2165 1073 2230 universitatis
1097 2157 1260 2230 vescon

156 2273 370 2338 lustrissimae
400 2273 605 2356 eiusdemque
635 2293 693 2355 per
722 2275 907 2354 temporum
938 2270 1176 2336 vicissitudines
1196 2256 1262 2334 divid

155 2379 300 2444 numinis
332 2380 487 2445 beneficio
519 2379 735 2464 prosperrime
765 2381 975 2444 conservatae
1003 2378 1148 2443 faustam
1179 2388 1263 2441 ment

157 2488 239 2552 riam
269 2508 328 2552 nos
357 2487 580 2551 concelebrare
608 2485 750 2550 iussistis
778 2506 902 2569 proque
929 2484 1042 2549 futura
1069 2485 1158 2550 illius
1179 2477 1264 2548 inali-

156 2594 268 2658 mitate
292 2593 444 2658 voluistis
473 2614 546 2657 cum
569 2591 698 2656 Vestris
726 2595 840 2656 nostra
863 2595 940 2655 vota
962 2589 1168 2675 pientissima
1187 2601 1264 2655 cond

158 2701 245 2765 ciari.
291 2699 378 2764 Nam
411 2703 638 2782 praeterquam
672 2697 756 2781 quod
789 2681 944 2763 laetitiae
964 2696 1145 2763 Vobiscum
1174 2685 1265 2781 psm‘ss'·

158 2808 282 2890 pandas
306 2828 420 2871 caussa
444 2806 637 2890 gravissima
660 2806 793 2869 inventa
816 2810 866 2869 est
885 2805 920 2869 in
937 2806 1104 2869 communi
1124 2804 1266 2870 studiorum

153 2915 338 2997 artiumque
371 2913 606 2976 necessitudine
640 2913 797 2996 omnium,
829 2911 1004 2977 accedebat
1033 2910 1096 2975 huc
1130 2903 1266 2996 singularis

157 3021 206 3084 vis
230 3021 331 3104 ipsius
350 3018 622 3083 dissimilitudinis
642 3040 722 3102 quae
741 3019 827 3082 inter
842 3018 978 3083 Vestras
993 3023 1185 3103 nostrasque
1202 3012 1269 3080 ratic

153 3149 209 3190 nes
226 3127 405 3191 intercedit.
439 3120 717 3201 Quemadmodum
737 3128 822 3191 enim
842 3128 875 3192 in
895 3129 964 3191 vita
985 3127 1152 3193 hominum
1167 3116 1269 3190 iuvenili
1304 3164 1306 3169 -

154 3234 256 3297 aetati
280 3233 391 3298 senilis
417 3231 589 3317 prudentia
612 3235 754 3317 proponi
778 3234 863 3298 solet
887 3235 927 3298 ad
951 3233 1159 3318 imitandum,
1181 3234 1222 3296 ita
1241 3244 1272 3291 rc

154 3344 285 3405 nostrae
310 3340 349 3403 ad
370 3340 594 3404 maturitatem
613 3340 783 3424 paullatim
804 3340 1046 3405 subolescentes
1065 3363 1132 3404 non
1150 3326 1273 3423 possead

155 3448 274 3511 clarius
295 3452 326 3510 et
346 3447 506 3512 efficacius
523 3448 686 3530 exemplar
705 3447 802 3532 dirigi
821 3447 1026 3531 videbantur,
1050 3470 1149 3531 quam
1168 3438 1274 3530 quodin

157 3555 245 3617 omni
270 3557 302 3617 et
326 3553 492 3618 doctrinae
516 3557 548 3617 et
572 3553 756 3617 honestatis
777 3575 893 3638 genere
913 3577 932 3618 a
951 3553 1072 3618 Vestra
1095 3548 1275 3618 universitate

157 3661 278 3724 editum
308 3663 394 3723 esset
426 3659 701 3743 amplissimisque
733 3659 833 3723 trium
867 3660 1072 3725 saeculorum
1106 3650 1275 3725 documentis

158 3772 374 3851 propagatum
399 3766 732 3850 commendatumque.
778 3764 883 3841 Quam
908 3767 1037 3850 quidem
1062 3769 1178 3833 merito
1199 3779 1276 3829 recor

158 3873 329 3955 dabamur,
360 3894 397 3935 ex
429 3894 492 3955 quo
523 3872 782 3955 generosissimis
812 3871 958 3937 consiliis
989 3873 1123 3937 Ioannis
1155 3860 1276 3937 Friderici

158 3978 360 4062 Magnanimi
384 3978 515 4043 condita
538 3983 600 4061 est,
628 3979 740 4042 multis
771 4001 808 4043 ac
832 3980 936 4044 saevis
961 4001 1034 4044 cum
1059 3979 1276 4045 domesticorum

158 4089 228 4149 tum
260 4090 466 4150 externorum
500 4085 715 4169 periculorum
747 4087 999 4170 tempestatibus
1032 4088 1199 4168 iactatam,
1226 4096 1275 4145 ruffi

160 4192 239 4257 levis
264 4196 296 4255 et
320 4192 484 4256 imbecilla
503 4192 635 4257 fortuna
655 4193 835 4256 animorum
855 4194 1011 4257 firmitate
1031 4199 1128 4277 atque
1148 4187 1277 4278 gaviae

162 4304 328 4383 tamquam
354 4299 470 4362 fluctus
496 4322 646 4364 saxorum
670 4301 787 4366 robore
811 4301 1003 4380 vinceretur,
1027 4302 1093 4366 vim
1112 4323 1150 4366 ac
1168 4300 1278 4384 possu-

159 4408 225 4468 tern
247 4407 387 4488 virtutis,
412 4406 541 4487 laboris,
561 4408 748 4486 industriae,
767 4409 972 4473 constantiae
991 4413 1059 4474 tam
1079 4410 1165 4474 clara
1183 4407 1212 4469 in
1229 4403 1279 4464 luce
