2836 5034
237 322 304 386 426
527 333 788 383 Pronnaounna
809 332 858 380 nn
881 330 1092 381 narronmvs

239 504 301 566 que
325 481 424 546 etiam
447 479 575 543 hiatum
598 477 771 542 admittere
795 475 826 540 h.
845 499 872 541 e.
896 496 969 541 cnm
991 474 1026 540 in
1049 475 1164 541 mediis
1187 474 1341 542 mannetis

238 588 387 653 iambicis
411 593 445 652 et
468 585 695 670 anapaesticis,
723 584 802 649 item
831 584 866 648 in
893 582 1073 670 oronaim),
1099 585 1171 648 tum
1193 583 1342 669 ubicunqne

238 695 356 761 fortior
383 694 601 779 interpunctio
631 691 709 779 (quo
737 695 846 776 potest
874 690 974 756 etiam
1001 691 1195 757 exclamatio
1215 693 1343 776 pertinere,

239 801 294 867 sed
308 823 513 886 nequaquam
528 799 692 884 quaelibet
711 799 902 864 exclamatio
921 796 1087 885 pertinet),
1105 798 1283 883 praesertim
1296 819 1343 864 cun
1410 872 1412 875 ¹

238 929 449 992 personarum
473 907 653 989 mutatione
677 906 862 988 coniuncta,
891 927 1028 989 pausam
1057 904 1129 970 fieri
1156 903 1345 990 pronuntiandi
1404 944 1412 981 ,3

239 1015 306 1079 sire
335 1013 425 1078 iubet
454 1014 522 1077 sive
550 1012 683 1096 patitur.
729 1011 823 1077 Vnde
846 1011 1047 1097 intellegitur
1070 1033 1137 1077 non
1159 1015 1226 1076 tam
1248 1012 1283 1077 ad
1299 1034 1347 1097 pro

240 1120 403 1186 sodiacam
431 1120 612 1186 doctrinam
639 1119 700 1185 hoo
729 1123 873 1204 spectare
897 1141 995 1204 quam
1018 1119 1059 1184 ad
1082 1119 1188 1204 ipsam
1211 1120 1351 1185 metricam

240 1227 341 1293 Velut
363 1227 546 1293 Trinummi
569 1251 598 1293 v.
623 1228 697 1292 584.
721 1227 799 1292 586:

79 1371 221 1415 ccxxxvr
329 1349 414 1416 Nam
443 1353 597 1416 ce‘rtumst
621 1351 689 1416 sine
718 1350 793 1416 dote
816 1351 902 1415 hadd
929 1348 1071 1438 dure.**)
1109 1351 1178 1429 ST.
1207 1352 1281 1437 quin
1304 1347 1361 1416 tui

881 1480 913 1521 m
936 1458 986 1524 d.

331 1565 439 1631 Meam
461 1565 714 1651 neglegentiam.
738 1563 799 1631 ST.
822 1480 1042 1632 imorio.0LE.
1065 1565 1156 1632 nullo
1182 1565 1289 1632 modo.

241 1691 311 1766 Quo
344 1690 402 1755 illa
439 1712 565 1776 quoqne
599 1691 748 1775 exempla
781 1689 900 1773 refero,
936 1690 970 1755 in
1003 1690 1120 1775 quibus
1152 1689 1182 1756 si
1214 1689 1375 1758 illiusmodi

241 1796 388 1880 syllabas
419 1818 477 1880 pro
513 1797 664 1862 brevibus
694 1797 901 1882 haberemus,
933 1796 1025 1862 raldo
1056 1797 1189 1883 ingrata
1218 1798 1378 1883 diremptio

241 1903 400 1968 tribrachi
423 1903 528 1987 fieret,
551 1906 588 1969 nt
611 1926 639 1968 v.
663 1904 738 1969 941.
764 1905 864 1968 1179:

204 2014 209 2022 ⁵
332 2024 398 2091 snb
423 2027 506 2092 solio
530 2027 642 2093 leuia?
671 2026 733 2093 SY.
756 2029 803 2093 ita
825 2029 906 2094 dico.
935 2026 1003 2094 OH.
1026 2049 1044 2092 e
1067 2029 1183 2095 caelo?
1208 2027 1275 2095 SY.
1300 2034 1381 2114 atque

881 2158 898 2199 e
921 2135 1027 2201 medio
1051 2134 1191 2220 quidem.

331 2239 410 2318 Quis
434 2241 466 2306 id
490 2243 558 2307 ait?
582 2242 649 2307 LY.
672 2263 741 2328 ego.
765 2240 831 2307 LE.
850 2246 908 2308 trin
927 2241 1062 2308 uidisti?
1085 2241 1153 2308 LY.
1173 2246 1207 2307 et
1224 2246 1301 2308 trite
1318 2244 1391 2309 iun

880 2348 992 2415 uideas
1014 2348 1101 2415 licet

243 2475 386 2551 Quorum
410 2498 560 2539 versuum
590 2474 730 2559 priorem
754 2496 821 2539 non
845 2475 913 2539 sine
937 2495 1062 2539 summo
1085 2474 1277 2560 elegantiae
1301 2475 1388 2540 detri-

243 2587 351 2647 mento
376 2584 421 2647 sic
445 2583 614 2647 dimetiare
638 2605 702 2647 una
726 2582 853 2665 syllaba
876 2585 1020 2647 auctum:

331 2724 398 2789 Snb
434 2725 515 2790 solio
547 2724 647 2789 louis:
684 2724 732 2789 ita
762 2725 845 2788 dico:
880 2747 897 2788 e
928 2724 1071 2788 caelone:
1107 2726 1207 2808 atque
1242 2749 1260 2790 e
1292 2725 1386 2790 medii

881 2831 1018 2914 quidem.
1043 2866 1084 2876 -

241 2974 309 3039 Aut
332 2976 413 3039 talia
437 2982 544 3040 antoni
568 2975 618 3039 vel
643 2979 795 3059 cognata,
820 2978 876 3039 ant
899 2977 1061 3058 corrupta,
1085 2995 1168 3058 quac
1193 2975 1302 3041 allata
1325 2976 1389 3058 vidi,

241 3088 317 3146 sunt
336 3083 453 3146 omnia.
487 3082 570 3158 Quid
590 3083 674 3146 enim
699 3082 815 3146 mirum
840 3082 866 3146 si
890 3082 924 3146 in
947 3082 1089 3146 centenis
1112 3082 1267 3147 versibus
1286 3083 1390 3148 multi·

242 3189 346 3252 modis
375 3189 535 3272 corruptis
565 3188 758 3271 aliquot-iens
787 3188 969 3273 corruptela
997 3189 1096 3252 etiam
1125 3211 1163 3253 eo
1200 3190 1325 3276 valuit,
1359 3194 1389 3254 nt

241 3295 371 3361 brevem
396 3319 454 3380 pro
483 3296 583 3380 longa
606 3295 734 3378 syllaba
757 3295 881 3359 librarii
905 3295 1084 3360 inferrent?
1131 3294 1176 3360 Et
1202 3299 1391 3384 plerumque

241 3408 308 3466 tarn
338 3408 388 3467 est
411 3406 562 3486 prompta
586 3406 683 3484 atque
707 3401 837 3465 evidens
862 3402 1058 3485 emendatio,
1082 3406 1118 3466 ut
1141 3404 1265 3469 mirere
1291 3428 1390 3491 qnem-

241 3534 338 3593 quam
362 3511 473 3594 fugere
498 3511 652 3593 potuisse.
699 3508 798 3574 Velut
822 3533 893 3574 cum
919 3508 1009 3592 Capt.
1034 3510 1114 3593 prol.
1140 3510 1160 3571 9

328 3654 476 3736 Eumque
500 3651 575 3716 lu'n'e
602 3653 793 3735 profugiens
817 3651 962 3716 uendidit
985 3652 1017 3715 in
1043 3627 1138 3715 dlide

241 3796 368 3879 egregie
393 3794 554 3859 Beckerus
578 3795 616 3859 de
641 3818 721 3860 com.
746 3795 837 3859 Rom.
856 3795 921 3859 fab.
940 3817 971 3878 p.
994 3796 1055 3859 108
1080 3798 1290 3865 emacularit
1313 3822 1389 3866 reso

241 3906 313 3965 cato
336 3922 448 3964 tccrenm
476 3903 571 3984 dedit,
599 3902 683 3985 quod
713 3901 862 3966 similiter
890 3925 909 3965 a
937 3902 1080 3967 librariis
1104 3904 1326 3974 obscuratum
1350 3914 1389 3972 ea

240 4013 336 4090 atque
361 4008 440 4071 alibi
464 4010 569 4073 >stertire
591 4031 649 4091 pro
672 4030 786 4073 nerium
808 4010 854 4073 ire
878 4009 1129 4074 substituerunt:
1154 4012 1192 4075 id
1212 4017 1303 4099 quod
1327 4015 1389 4080 sub

328 4187 353 4252 *)
374 4185 434 4250 Quo
453 4184 595 4254 pertinent
609 4184 644 4238 de
658 4185 725 4238 mens
740 4190 788 4253 epo
804 4187 833 4238 et
846 4184 986 4239 similibus
1002 4202 1087 4257 snpra
1102 4185 1259 4257 disputata
1278 4210 1306 4262 p.
1321 4202 1392 4246 cm

254 4278 328 4326 412⁸
351 4320 356 4329 .

241 4272 250 4341 i
310 4274 425 4431 ³²2)ch
451 4364 526 4417 leand
554 4381 594 4418 me
622 4365 689 4417 dore
717 4381 779 4417 cnm
808 4364 969 4420 Hermanno
998 4363 1174 4421 Ritsohclius
1204 4369 1391 4441 cogitaritin

239 4451 281 4505 ed.
301 4450 363 4520 alt]
