2836 5034
153 335 219 399 510
441 350 706 399 raonnoouunu
730 351 778 398 nn
801 348 1014 399 asrroumvs

155 496 328 560 severitate
357 495 521 559 senarium
550 517 588 560 eo
616 495 745 560 differre
773 495 929 579 vidimus,
962 496 1047 580 quod
1067 496 1100 561 in
1121 495 1177 560 hoe
1193 497 1257 561 tertii

155 603 245 685 pedis
270 607 482 685 anapaestum
506 602 589 666 alter
612 602 761 667 comitari
780 606 977 687 anapaestus
995 602 1030 667 iu
1050 603 1190 689 contiguo
1204 603 1260 687 pete

12 709 281 793 cnxxxwpotuit,
305 709 468 793 dactylum
487 709 521 773 in
539 709 597 774 illo
620 730 686 773 uon
710 712 760 772 est
779 709 863 772 alter
883 709 1031 794 dactylus
1049 711 1216 794 comitatus,
1227 712 1263 775 lu

154 816 294 899 quaein
320 818 503 898 septenario
532 816 665 881 licentia
694 816 749 880 uni
772 820 878 880 certae
903 838 1057 881 caesurae
1080 816 1224 899 adhaesit,
1244 822 1265 879 el

42 911 45 919 ’
156 924 184 985 ei
210 922 340 1006 quidem
368 945 432 1007 qua
459 922 612 1007 dactylici
640 922 766 987 numeri
790 923 925 988 offensio
951 927 1091 988 maxime
1114 924 1267 988 obscurare

156 1035 222 1112 tur,
255 1051 293 1092 ea
320 1029 454 1093 licentia
481 1029 516 1093 in
546 1028 673 1092 senario
703 1051 723 1091 a
745 1028 835 1092 nulla
858 1050 994 1094 caesura
1017 1052 1149 1114 prorsus
1171 1030 1270 1093 exclusa

157 1136 228 1200 fuit.
274 1135 321 1200 Et
347 1135 487 1199 maxime
516 1135 644 1219 quidem
673 1135 867 1221 bisyllabam
894 1139 1081 1202 anacrusim
1109 1137 1144 1201 in
1172 1136 1271 1202 senario

156 1264 284 1327 quoque
317 1265 354 1307 ea
387 1265 520 1308 caesura
553 1244 730 1308 occultavit
762 1267 844 1329 quae
878 1245 1027 1330 legitima
1055 1243 1273 1328 penthemimeri

155 1372 221 1414 una
244 1350 372 1434 syllaba
394 1349 485 1432 prior
503 1353 561 1413 est.
594 1348 680 1415 Nam
700 1351 761 1415 etsi
781 1350 947 1416 trochaico
968 1351 1144 1432 iambicum
1163 1355 1274 1415 metruu

156 1458 202 1521 ita
235 1457 422 1541 oppositum
455 1462 507 1521 est
539 1459 587 1540 ut,
621 1479 719 1541 quam
749 1457 818 1522 illio
848 1459 914 1523 vim
946 1459 1110 1543 dactylus,
1143 1457 1197 1522 hie
1224 1480 1275 1522 aua

155 1567 289 1647 paestus
312 1563 442 1647 habeat,
465 1567 576 1627 tamen
598 1586 664 1628 non
688 1567 755 1628 tam
779 1564 956 1629 cavendum
980 1565 1062 1629 illud
1085 1565 1151 1630 fuit
1169 1569 1214 1648 ut,
1233 1585 1276 1649 que

157 1673 229 1737 loco
253 1671 428 1755 septenarii
453 1671 600 1755 dactylus
625 1672 746 1736 vitatus
771 1675 833 1756 est,
867 1694 905 1737 eo
930 1673 1048 1737 senarii
1073 1673 1148 1738 loco
1171 1695 1211 1737 ue

156 1778 316 1861 ciperetur
344 1779 569 1863 anapaesticus
597 1802 763 1863 numerus,
796 1802 893 1864 quam
920 1780 983 1845 hoc
1005 1781 1117 1865 potius
1142 1786 1180 1845 ut
1202 1803 1239 1844 ue
1266 1780 1280 1873 ’1

156 1885 242 1968 loco,
274 1885 329 1949 ubi
359 1885 523 1970 quaelibet
551 1886 724 1951 insolentia
751 1887 856 1951 acrius
885 1887 925 1951 ad
953 1909 1048 1952 aures
1077 1889 1199 1953 accidit
1222 1888 1249 1952 t.

156 2098 242 2183 quod
275 2099 397 2184 dactyli
430 2123 489 2183 pro
522 2100 676 2166 trochaeo
709 2101 940 2185 anapaestique
969 2123 1028 2186 pro
1060 2101 1176 2166 iambo
1206 2124 1226 2185 p
1258 2100 1266 2114 '

157 2228 325 2271 commune
353 2212 402 2271 est
429 2208 460 2273 h.
484 2230 510 2272 e.
538 2208 702 2293 bisyllaba
729 2230 787 2292 pro
816 2209 1043 2293 monosyllaba
1071 2209 1189 2274 thesis.

157 2315 194 2378 fit
217 2314 309 2378 utin
333 2315 460 2379 senario
484 2337 611 2400 quoque
635 2316 764 2400 rectius,
788 2338 884 2400 quam
908 2319 1128 2400 anapaestum
1152 2317 1188 2382 in
1210 2322 1242 2381 te
1268 2315 1275 2328 '

157 2423 249 2507 pede,
282 2421 427 2486 dicamus
456 2444 529 2487 eum
558 2423 722 2507 dactylum
750 2422 888 2487 vitatum
918 2445 988 2487 esse
1015 2424 1073 2509 qui
1104 2424 1251 2508 composi

158 2530 201 2593 sit
224 2552 262 2594 ex
288 2531 353 2593 arsi
378 2528 509 2592 secundi
537 2529 628 2612 pedis
654 2529 867 2614 anacrusique
890 2531 994 2615 tertii,
1027 2532 1174 2595 maxime
1199 2536 1267 2596 aute

158 2637 295 2700 vitatum
327 2658 396 2699 csse
428 2635 460 2699 in
492 2636 725 2719 semiquinaria
755 2657 895 2700 caesura.
941 2634 1056 2719 Itaque
1088 2640 1218 2721 perrari

157 2743 302 2826 profecto
333 2742 460 2808 venusti
488 2743 569 2805 tales
598 2766 709 2808 versus
738 2748 814 2807 sunt
842 2744 953 2827 quales
978 2744 1011 2806 in
1034 2743 1165 2809 duabus
1189 2747 1243 2810 fab
1271 2745 1279 2757 ’

158 2856 311 2934 quattuor
321 2852 353 2934 *1
378 2854 505 2914 tautum
532 2851 722 2914 offendimus
748 2851 836 2915 Trin.
860 2853 934 2915 421.
960 2852 1048 2930 [792.
1090 2851 1212 2918 Bacch.

157 2958 221 3020 573
246 2958 333 3031 (596.
358 2955 470 3040 605)l:

245 3064 290 3127 Et
312 3065 366 3127 ille
391 3064 479 3127 aedis
503 3068 666 3146 ητα-1111111111
691 3067 749 3130 abs
773 3071 805 3129 te
828 3067 973 3149 accepit?
998 3048 1196 3131 ridmodum.

247 3170 344 3249 {Eum
368 3192 464 3254 quem
488 3171 605 3234 lnibuit
626 3173 773 3249 perdidit,
798 3172 897 3235 ulium
921 3177 996 3256 post
1020 3171 1101 3236 fecit
1127 3174 1259 3251 nonoml

247 3278 311 3357 llta
335 3277 603 3359 dentitionpilmlo
627 3278 707 3342 haec
730 3280 809 3341 meis
833 3279 983 3343 manibus
1008 3281 1180 3362 gestiunt}

247 3385 342 3463 {Vale
365 3384 636 3467 dentifranpituo.
674 3367 719 3450 Et
742 3393 776 3450 tu
801 3389 1059 3471 integumentum
1086 3388 1183 3467 nale]

157 3492 300 3567 Quorum
324 3492 428 3574 primo
453 3496 486 3554 et
508 3494 604 3556 tertio
629 3493 752 3577 aliquid
776 3490 983 3557 dedenimenti
1008 3499 1041 3556 ct
1065 3496 1210 3559 elisionis
1227 3499 1273 3556 con¹

158 3599 270 3682 gulam
299 3602 331 3661 et
354 3599 394 3661 ad
418 3599 702 3682 semiseptenariae
726 3600 973 3664 similitudinem
998 3602 1155 3666 accedeus
1180 3598 1271 3683 specics

158 3704 324 3768 conciliat:
356 3706 448 3768 alteri
473 3711 505 3769 et
529 3711 644 3789 quarto
668 3706 777 3789 paullo
802 3707 875 3790 plus
899 3708 1071 3771 molestiae
1096 3715 1173 3792 post
1194 3708 1213 3770 d

17 3812 245 3877 uuxxuvulnm
266 3810 351 3874 facta
370 3812 589 3896 interpunctio
610 3814 713 3897 affert,
732 3837 928 3897 quamquam
952 3816 983 3878 id
1004 3811 1258 3880 incommodum

157 3922 273 4001 quarto
299 3917 449 3981 similiter
473 3924 568 4004 atque
593 3922 626 3985 iu
650 3921 756 4005 primo
781 3923 941 4006 tertioque
965 3929 1213 4007 compensatum
1233 3921 1276 3983 est

158 4026 315 4109 singulari
344 4026 519 4107 asperitate
548 4028 689 4111 reliquos
720 4028 876 4093 secundus
901 4031 1095 4114 praevertit,
1125 4037 1161 4095 ut
1184 4033 1216 4094 in
1236 4040 1282 4112 qne*

157 4133 304 4215 dactylus
329 4132 488 4214 dactylico
513 4133 671 4197 vocabulo
696 4135 865 4199 conclusus
891 4136 942 4199 sit.
979 4135 1106 4201 Contra
1130 4139 1281 4223 plurimun

227 4289 252 4358 *)
264 4288 343 4360 [Tria
357 4290 486 4358 exempla
500 4289 619 4345 delenda
633 4309 695 4346 esse
710 4295 809 4361 postea
823 4292 964 4347 intellexit
972 4294 1162 4352 Ritschelius:
1178 4298 1286 4353 deallan

157 4399 238 4435 versu
259 4381 291 4433 cl.
313 4398 339 4447 p.
361 4386 426 4443 3873
445 4380 530 4434 tertio
550 4385 578 4434 et
596 4384 697 4449 quarto
717 4383 847 4450 probavit
865 4383 941 4449 quod
960 4381 1103 4453 Bergkius
1123 4387 1288 4458 proposuerat

155 4470 373 4538 deratisrapibula
392 4469 421 4519 et
439 4469 673 4540 cleotisrapibulc.]
