2836 5034
378 95 561 180 genetivus,
588 94 754 178 profectus
784 95 839 158 ille
870 117 886 158 e
916 95 1121 178 grammatici
1155 79 1334 157 eruditione
1368 114 1408 176 qu

377 201 517 267 formam
540 202 666 285 priscae
690 202 865 267 latinitatis
894 203 1059 285 propriam
1082 201 1183 265 fuisse
1206 206 1325 266 nosset
1374 200 1401 276 Q

379 308 595 372 certissimum
623 313 685 390 est,
713 309 761 374 ita
789 332 852 374 non
882 310 988 373 minus
1012 312 1135 372 certum
1159 306 1221 372 hoc
1244 313 1303 390 est,
1327 309 1393 372 iam

379 419 485 480 aetate
512 416 563 479 vel
592 420 677 480 certe
706 416 739 479 in
768 415 849 479 artis
877 435 993 498 genere
1016 414 1167 480 Plautino
1196 415 1284 478 illius
1313 419 1413 499 genet

379 523 420 585 ab
451 544 515 586 uno
543 523 686 603 familias
715 524 900 603 recesseris,
930 545 1024 587 usum
1055 544 1187 606 prorsus
1218 523 1368 601 desiisse,

379 651 408 711 p.
434 646 543 691 cxnrn
568 629 660 709 [389]
686 635 794 694 annot.
819 629 1009 715 significavi.
1056 627 1155 694 Cuius
1183 651 1257 694 cum
1285 652 1347 694 nec
1376 631 1409 692 in

380 732 731 819 mss.ullu1n(praeter
750 757 850 799 unum
872 734 966 799 valde
983 735 1115 800 dubium
1134 734 1335 820 exemplum)
1354 758 1410 799 ves

380 845 493 926 exstet,
516 842 567 906 vel
590 842 675 907 hanc
698 843 740 907 ob
765 863 911 906 caussam
931 841 1159 907 Lachmannus
1178 841 1266 906 credi
1285 842 1402 925 nequit

379 971 511 1013 manum
535 949 653 1034 Amph.
677 949 736 1034 ΠΙ,
762 952 789 1031 1,
816 950 855 1013 12
878 948 941 1013 hac
963 950 1159 1014 correctione
1184 953 1357 1013 assecutus
1381 972 1414 1014 es

562 1092 597 1157 Si
620 1094 653 1157 id
677 1093 873 1157 Alcumenas
898 1093 1100 1157 innocentiae
1125 1090 1326 1178 expetat.**)

380 1231 441 1297 Sed
466 1238 502 1298 ut
526 1236 592 1300 sint
620 1258 697 1300 sane
721 1236 894 1301 acrostichi
915 1257 1029 1301 versus
1051 1235 1099 1300 illi
1123 1235 1249 1319 aliquot
1272 1239 1352 1318 post
1375 1233 1414 1298 Pl

381 1341 516 1405 saeculis
549 1340 640 1407 facti:
674 1343 752 1407 haec
779 1344 851 1427 ipsa
879 1343 1120 1408 Antoninorum
1152 1346 1241 1406 aetas
1274 1345 1405 1406 tanturn

378 1452 416 1512 ut
450 1449 529 1513 artis
566 1450 731 1534 imperitia
763 1451 923 1515 laborarit
959 1450 1009 1513 vel
1048 1449 1219 1514 indulserit
1252 1449 1317 1513 sibi
1351 1472 1418 1513 me

380 1556 635 1641 neglegentiam,
668 1563 705 1623 ut
731 1558 829 1622 solita
855 1558 890 1621 in
922 1557 1144 1622 imitatoribus
1177 1555 1352 1640 diligentia
1385 1580 1418 1621 v=

380 1665 563 1746 exemplum
587 1664 793 1748 expresserit:
822 1664 855 1727 id
883 1662 968 1748 quod
996 1685 1099 1747 nuper
1126 1664 1254 1727 demum
1279 1662 1363 1726 satis
1388 1663 1417 1726 el

379 1767 422 1831 M.
454 1767 626 1854 Pomponii
658 1770 787 1834 Bassuli
821 1770 918 1835 titulo
957 1771 1060 1835 denuo
1093 1769 1296 1835 intellectum
1330 1773 1397 1852 est,

380 1877 545 1959 prooemio
579 1876 680 1941 schol.
708 1876 774 1939 hib.
803 1875 907 1940 Bonn.
935 1899 962 1941 a.
990 1892 1301 1942 mmccccxxxxvn
1330 1879 1389 1956 [=

379 1982 457 2064 phil.
475 1982 522 2046 IV
546 2006 576 2066 p.
599 1983 733 2066 16sqq.]
758 1983 989 2047 enarravimus.
1025 1984 1139 2068 Apage
1162 1983 1265 2067 igitur
1288 1983 1414 2049 illorua

379 2089 469 2174 tiam,
494 2091 549 2174 qui
574 2089 659 2174 quod
679 2091 714 2153 in
733 2089 849 2153 Plauto
870 2090 923 2154 vix
942 2091 1008 2154 sint
1027 2090 1204 2175 toleraturi,
1229 2089 1397 2174 imputare

379 2196 579 2280 argumentis
594 2196 754 2262 Plautinis
773 2218 839 2260 non
858 2202 1039 2262 vereantur.
1075 2197 1176 2262 Velut
1193 2220 1268 2262 cum
1287 2197 1408 2264 horum

378 2307 482 2366 torem
513 2303 574 2367 sibi
602 2303 798 2386 persuadent
825 2303 952 2368 hiatum
981 2303 1015 2367 in
1045 2324 1179 2368 caesura
1208 2302 1398 2387 legitimum

378 2406 530 2495 isse”*):
550 2410 678 2492 qualern
696 2409 822 2474 hiatum
842 2410 950 2474 nullus
969 2431 1124 2494 umquam
1143 2414 1240 2493 poeta
1259 2409 1326 2475 fuit
1347 2409 1414 2498 (nis

379 2515 521 2548 lul-nuli..
553 2516 739 2548 lah-'habt
774 2518 824 2548 ...J
860 2517 1003 2548 „nu-..lh
1040 2521 1069 2548 al.
1099 2521 1263 2548 Anum-m...
1303 2517 1339 2548 ,1.
1376 2520 1385 2548 l
