2886 5032
160 297 225 364 352
447 314 708 365 raonncounrs
732 315 780 362 os
804 312 1017 365 asrrornavs

160 460 261 525 habet
287 482 386 545 quam
413 460 449 525 in
471 461 518 524 dii
539 461 614 538 dis,
646 481 706 543 pro
737 459 855 544 quibus
879 463 936 524 aut
958 461 992 525 di
1014 460 1064 524 dra
1085 462 1124 524 ut
1145 460 1160 523 i
1181 460 1222 538 is,
1254 481 1298 523 au*

159 568 208 631 dci
234 568 298 633 dcis
324 571 362 632 ut
387 568 417 631 ci
439 563 532 651 (625)
560 567 605 631 cis
632 569 757 631 veteres
785 567 973 651 probarunt.
1002 602 1046 612 —
1075 564 1247 631 Postremo
1275 584 1298 629 s·

160 695 219 758 pro
252 676 266 738 c'
298 674 476 757 scripturae
506 673 541 736 in
573 672 768 757 quibusdam
796 672 929 757 l'abulis,
962 676 999 736 ut
1025 670 1247 738 Menaechmis
1277 694 1296 735 e

159 779 346 857 Mercatore,
372 778 607 843 Ambrosianus
630 779 839 861 potissimum
862 782 914 842 est
935 778 1160 862 plenissimus:
1183 779 1219 842 in
1241 777 1298 844 Tri

159 908 293 952 nummo
313 886 521 950 manifestum
540 886 726 950 huiusmodi
745 886 836 969 nihil,
856 886 911 951 sed
930 890 1042 951 tamen
1061 886 1211 970 espatiis
1225 885 1298 951 litte

159 1016 270 1059 rarum
293 1018 313 1059 a
331 994 427 1059 nobis
450 993 641 1078 indagatum
659 1010 783 1058 Aarsls
803 1015 832 1057 v.
852 993 927 1075 236,
950 991 1090 1058 fortasse
1109 992 1211 1057 etiam
1229 1010 1297 1058 ns!

160 1124 188 1167 v.
215 1101 338 1186 411*),
369 1123 386 1166 e
413 1122 480 1165 non
508 1100 669 1184 ambiguis
698 1101 956 1182 corruptelarum
983 1099 1132 1185 vestigiis
1164 1103 1298 1164 summi

160 1208 351 1293 v.1087.**)
382 1208 499 1284 Qualia
521 1206 700 1272 curandum
723 1207 834 1290 putavi
858 1210 895 1270 ut
918 1207 1071 1291 religiose
1095 1210 1298 1271 servarentur

248 1314 491 1400 Aspirationem
515 1336 588 1379 cum
611 1313 703 1378 libris
727 1312 909 1378 addidimus
932 1313 1073 1379 bolitor
1096 1315 1169 1379 voci
1188 1337 1217 1379 v.
1235 1314 1298 1396 408,

160 1427 287 1506 praeter
315 1422 418 1487 libros
445 1443 512 1487 non
540 1421 723 1486 addidimus
750 1421 785 1485 in
812 1420 946 1485 leostism
973 1444 1001 1486 v.
1025 1421 1101 1487 525.
1126 1422 1201 1505 608,
1223 1421 1296 1485 dem·

160 1529 282 1611 psimus
305 1549 389 1593 erus
411 1528 544 1610 nomini,
568 1528 658 1592 cuius
681 1548 766 1592 nunc
788 1531 921 1611 recepta
942 1528 1034 1594 Mors
1058 1529 1221 1614 scriptura
1246 1527 1294 1592 fide

160 1636 366 1720 antiquitatis
385 1657 518 1719 prorsus
538 1640 634 1700 caret.
672 1635 766 1698 Vltra
784 1635 1028 1719 orthographici
1048 1639 1162 1700 autem
1181 1634 1292 1720 generis

158 1742 239 1805 fines
255 1742 354 1806 solita
371 1742 406 1806 in
424 1742 500 1820 henr,
518 1741 649 1825 ern***),
664 1762 702 1806 en
721 1742 882 1807 scribendi
901 1742 1122 1826 discrepantia
1140 1748 1294 1826 evagatur:

161 1847 201 1912 de
224 1870 288 1932 qua
311 1870 426 1932 operae
449 1849 590 1933 pretium
614 1848 713 1913 fuerit
737 1848 800 1912 alio
824 1852 971 1932 tempore
991 1869 1088 1933 agere
1108 1848 1294 1935 explicatius

249 1954 478 2039 Progredimur
501 1956 541 2020 ad
565 1959 789 2021 consonantes.
827 1955 871 2019 Et
894 1955 929 2020 in
952 1957 1039 2021 exitu
1065 1955 1198 2041 quidem
1217 1975 1293 2021 voca·

160 2060 309 2126 bulorum
340 2083 412 2125 cum
443 2062 522 2125 satis
552 2066 680 2127 constet
713 2062 815 2144 ipsius
848 2083 942 2126 usum
975 2063 1184 2146 antiquitatis
1216 2061 1294 2126 vebo

160 2172 284 2232 menter
301 2167 476 2233 fluctuasse
496 2170 581 2233 inter
604 2174 671 2234 tet
693 2170 715 2234 d
737 2169 863 2233 litteras
886 2170 1061 2255 eademque
1085 2168 1298 2247 inconstantis¹

159 2274 258 2338 etiam
281 2272 451 2340 Plautinos
480 2276 581 2341 libros
606 2281 754 2359 occupet:
784 2299 842 2342 nos
866 2298 938 2341 eam
962 2277 1221 2341 inconstantiam
1242 2298 1262 2339 n
1296 2264 1298 2271 ¹

159 2402 269 2445 sumus
297 2381 332 2445 in
360 2381 497 2465 singulis
526 2383 673 2466 vocibus,
706 2383 761 2447 sed
790 2384 823 2447 in
854 2404 969 2468 genere
997 2383 1152 2448 universo
1180 2278 1298 2483 imildd

158 2486 290 2552 Etenim
316 2492 381 2565 set,
408 2493 510 2569 opert,
536 2488 629 2553 haut
651 2512 688 2554 ac
712 2494 880 2574 praeterea
902 2490 993 2554 illut
1019 2493 1052 2552 et
1079 2490 1183 2554 aliut
1206 2508 1298 2573 vocae-3

66 2621 142 2662 xcrx
159 2617 198 2658 ne
227 2595 383 2660 memoria
414 2595 482 2659 eius
511 2596 557 2659 rei
586 2597 690 2660 omnis
719 2596 915 2680 aboleretur,
943 2601 956 2660 t
983 2595 1095 2666 littera
1122 2594 1298 2689 terminari-j

159 2702 287 2785 mustl:
310 2702 395 2766 idem
420 2724 460 2765 ne
487 2702 520 2765 in
545 2704 589 2766 id
611 2704 758 2783 etquid
779 2704 967 2786 faceremus,
989 2704 1085 2783 quod
1106 2692 1298 2787 pronominis*¹

158 2809 383 2893 propinquitas
418 2807 638 2891 dissuadebat,
677 2810 767 2873 cuius
799 2816 871 2891 quot
904 2810 1065 2893 scriptura
1097 2833 1166 2875 non
1203 2812 1298 2887 mnu}

159 2916 295 2979 molesta
319 2916 500 2998 legentibus
524 2915 634 2980 lutura
658 2923 729 2980 erat
752 2939 848 3000 quam
872 2922 907 2980 at
928 2938 986 3001 pro
1005 2918 1059 2981 acl.
1103 2917 1289 3002 Quamquam

158 3020 275 3084 horum
303 3022 384 3085 nihil
414 3028 464 3087 est
492 3023 577 3106 quod
606 3045 672 3088 non
700 3025 847 3107 exempla
866 3023 1009 3106 babeat,
1037 3045 1140 3106 eoque
1170 3026 1225 3088 illa
1251 3022 1291 3087 fir·

159 3126 275 3208 miore,
303 3149 366 3210 quo
396 3131 525 3214 saepius
553 3131 774 3195 insolentioris
803 3130 982 3213 scripturae
1006 3132 1149 3216 vestigia
1171 3133 1206 3196 in
1227 3130 1291 3195 solis

158 3234 348 3317 corruptelis
377 3235 583 3318 delitescunt,
612 3239 700 3301 velut
726 3240 823 3301 ott-rio
851 3261 878 3300 v.
905 3237 982 3320 152,
1008 3238 1140 3302 laverint
1168 3241 1244 3322 803,
1267 3236 1297 3300 ot

155 3340 238 3420 ferre
261 3340 339 3422 814,
362 3349 396 3405 at
420 3349 524 3408 crocata
552 3346 649 3408 1161:
677 3346 748 3409 coll.
772 3344 845 3409 868.
870 3344 943 3408 887.
972 3361 1056 3419 Quis
1087 3345 1189 3410 habes
1216 3341 1296 3410 ina

158 3470 186 3511 v.
211 3448 261 3511 95.
289 3449 360 3513 198.
385 3450 459 3513 349.
484 3452 558 3533 847,
582 3452 660 3515 item
685 3469 839 3528 onrrous
864 3451 942 3532 854,
972 3468 1006 3514 1r
1031 3450 1065 3514 in
1090 3452 1164 3515 aliis
1188 3450 1296 3516 fabulis

159 3578 371 3585 —-.—————.

264 3625 289 3690 *)
310 3626 347 3694 [v.
368 3631 419 3678 411
439 3639 523 3694 rame,
542 3643 596 3679 non
616 3641 698 3694 xm,
718 3626 803 3680 etiam
823 3627 850 3679 A
869 3626 976 3695 habet]

246 3712 291 3781 **')
312 3716 435 3782 [summis
464 3715 562 3782 Trin.'·',
591 3714 639 3768 ubi
657 3734 771 3769 manum
790 3718 890 3785 poetae
915 3715 1038 3770 nondum
1065 3717 1222 3771 restitutam
1239 3722 1297 3768 csso

158 3802 329 3857 ltitsabelius
349 3804 516 3872 annotavit]

228 3891 290 3962 ***)
310 3895 361 3961 [cm
379 3892 498 3948 formam
518 3912 581 3948 cum
600 3895 656 3947 iam
675 3895 704 3948 in
723 3896 878 3949 Mercatore
897 3894 988 3965 (edita
998 3912 1022 3950 a.
1034 3898 1117 3965 1864)
1136 3890 1295 3951 nischma·

157 3982 189 4034 ut
218 3982 376 4035 Plautinam
407 3982 496 4035 tuitus
522 3984 597 4036 esset
621 3984 857 4053 suscepissetque,
888 3983 1043 4037 vindicavit
1069 3988 1169 4053 postea
1192 3979 1290 4038 anun·

157 4070 272 4124 Emend.
292 4071 321 4123 in
340 4068 381 4123 Pl.
402 4070 534 4139 Captivos
553 4073 610 4140 (ed.
631 4073 746 4143 Lignitii
765 4089 789 4128 a.
812 4075 894 4141 1862)
913 4092 938 4141 p.
961 4080 992 4127 17
1004 4092 1063 4142 sqq.
1098 4074 1136 4128 of.
1156 4058 1289 4128 nicolani

157 4177 220 4215 ann.
240 4161 276 4214 ad
295 4159 467 4212 Menaechm.
487 4179 512 4214 v.
535 4164 623 4230 1018]

242 4252 270 4314 †)
295 4247 362 4318 [Sed
384 4249 461 4315 apud
487 4250 563 4303 baud
582 4252 653 4305 illud
671 4253 750 4305 alirrd
769 4251 829 4306 sim.
849 4251 1016 4320 scripturam
1034 4254 1137 4307 aetatis
1155 4247 1283 4306 l’rautiuoo

157 4338 298 4408 proprium
323 4354 382 4390 esse
407 4355 526 4406 eumque
549 4357 621 4407 quac
645 4345 688 4394 est
710 4347 748 4394 sel
772 4346 840 4408 opst
859 4344 911 4395 cet.
931 4342 1021 4395 multo
1041 4342 1214 4397 recentiorem
1229 4330 1280 4386 lli*

157 4428 279 4482 schelius
298 4427 503 4482 demonstravit
518 4431 617 4497 Opusc.
637 4430 705 4498 phil.
726 4429 763 4483 Ν
783 4448 810 4498 p.
832 4436 928 4498 lblsq.
948 4437 1010 4498 406,
1030 4432 1064 4486 cl.
1085 4432 1110 4484 ll
1128 4451 1154 4501 p.
1173 4424 1232 4490 rra]
