2836 5034
433 350 701 401 mnnsrronrs
724 350 933 400 ruavrrnsn.
1190 330 1256 397 291

599 692 712 740 csrvr
735 672 778 739 Π.

215 814 428 882 Priuaautem
451 838 548 903 quam
577 815 618 881 ad
645 815 788 900 reliquos
811 815 939 881 codices
961 815 1104 882 breviter
1126 835 1257 900 percen-

155 921 238 987 ceudoa
259 944 406 1009 pergam,
437 923 472 989 in
499 923 572 1008 ipsa
599 923 657 989 illa
683 925 810 1008 tabula,
840 945 905 1010 qua
932 923 1192 989 membranarum
1215 920 1257 987 ad

154 1026 336 1095 tmanmum
359 1030 577 1115 spectantium
600 1031 747 1097 ordinem
766 1030 933 1116 explicavi,
955 1030 1038 1096 mihi
1055 1028 1155 1097 etiam
1172 1050 1258 1095 com·

155 1135 304 1202 notandum
326 1158 397 1203 esse
420 1140 534 1205 sentio.
565 1137 638 1215 Qua
659 1139 740 1205 duce
758 1138 880 1205 sicum
897 1135 1140 1223 deperditarum
1158 1157 1258 1203 mem·

155 1238 288 1309 minum
308 1244 493 1310 intervallis
517 1266 573 1311 eas
596 1244 728 1311 fabulae
749 1250 875 1330 partes,
896 1265 980 1332 quae
1002 1244 1088 1311 inter
1110 1246 1258 1309 maetas

157 1348 243 1415 ndo
263 1354 349 1435 sunt,
376 1351 567 1437 contuleris,
594 1351 691 1418 facile
712 1353 882 1439 intelleges
904 1350 1098 1438 quibusdam
1120 1351 1155 1416 in
1178 1350 1258 1417 locis

104 1460 106 1515 Ξ
161 1452 282 1539 tuma
299 1458 393 1543 plura
407 1457 661 1525 Ambrosianum
680 1459 823 1527 codicem
842 1459 1042 1526 continuisse
1059 1480 1157 1545 qnam
1174 1478 1258 1544 qnae

104 1524 110 1673 l,
157 1556 284 1630 dihodie
310 1566 475 1651 legunt-ur:
507 1565 679 1653 intelleges
707 1570 816 1633 antem
844 1566 906 1632 hoc
933 1568 1140 1651 argumento,
1171 1562 1258 1651 quod

158 1666 286 1739 universae
308 1673 378 1738 eins
397 1672 474 1739 libri
491 1673 690 1740 condicionis
709 1673 821 1739 eadem
840 1677 891 1739 est
912 1671 1128 1759 aequabilitas
1150 1674 1186 1737 et
1206 1692 1258 1739 ac·

156 1778 237 1843 aaa
253 1779 466 1864 concinnitas,
493 1801 576 1866 quac
599 1781 733 1866 propria
755 1802 825 1846 esse
848 1785 917 1846 tam
940 1779 1149 1864 antiquorum
1171 1778 1258 1845 codi-

154 1897 206 1945 eun
222 1887 302 1951 solet
332 1886 473 1953 Omnino
492 1887 578 1952 enim
597 1886 659 1953 etsi
679 1886 849 1953 Plautinae
871 1886 1001 1953 fabulas
1025 1885 1105 1952 satia
1128 1889 1259 1953 constat

152 1986 296 2073 temporum
323 1992 499 2079 iniquitate
527 2015 594 2059 uon
616 1993 713 2059 modo
736 1992 874 2079 singulis
898 2013 996 2078 saepe
1018 1991 1167 2059 versibus
1189 2014 1257 2061 cor·

151 2096 235 2177 ruptus
252 2098 372 2184 haberi,
395 2100 452 2167 sed
475 2100 604 2167 endem
627 2100 728 2166 etiam
750 2100 888 2187 integris
910 2099 1059 2186 partibus
1076 2102 1258 2166 truncatasr

151 2198 231 2270 lunen
249 2205 309 2273 hoc
331 2208 439 2293 ipsum
461 2228 565 2293 genua
584 2207 825 2293 depravationis
842 2208 942 2293 longe
958 2228 1057 2293 quam
1075 2207 1174 2295 vulgo
1193 2228 1259 2273 cre·

152 2300 216 2373 ditur
230 2311 323 2379 latius
345 2316 446 2400 patet
476 2312 762 2400 Amphitruonem,
779 2312 996 2399 Aululariam,
1017 2310 1182 2399 (laninam,
1204 2312 1260 2381 ci-

151 2412 306 2505 tendam,
332 2418 526 2507 Bacchides,
553 2421 673 2508 quibus
695 2420 845 2489 addenda
867 2418 1014 2505 Stichus,
1034 2442 1131 2487 nemo
1154 2422 1329 2489 neacitxrv

149 2514 183 2581 lte
195 2527 309 2592 nutilas
330 2550 409 2612 esse,
429 2532 466 2592 ut
483 2528 603 2615 integri
622 2528 674 2594 vel
694 2532 784 2595 actus
803 2528 853 2594 vel
873 2550 1009 2593 scaenae
1027 2527 1259 2612 interciderint,

104 2638 111 2721 l
152 2622 198 2691 siue
219 2635 328 2715 quibus
357 2658 397 2699 ne
422 2635 568 2721 intellegi
593 2635 721 2721 quidem
745 2659 830 2701 nunc
854 2635 1037 2722 argumenti
1061 2636 1259 2701 continuitas

156 2734 358 2824 &complexio
391 2743 503 2826 possit.
554 2741 676 2808 Contra
707 2744 834 2829 integra
864 2750 992 2827 praeter
1024 2747 1146 2808 ceteras
1180 2741 1259 2806 hacc

159 2833 321 2919 inhabita
345 2854 394 2913 est
418 2848 636 2934 Trinummus,
659 2874 676 2915 e
700 2874 764 2936 qua
787 2874 826 2915 ue
851 2875 933 2916 unus
957 2851 1084 2937 quidem
1110 2873 1129 2915 a
1152 2870 1259 2935 gram·

104 3024 108 3037 ¹
157 2951 244 3016 urticis
275 2955 453 3021 versiculus
491 2958 655 3041 profertur
692 2959 769 3043 quiu
806 2960 839 3022 in
873 2982 911 3022 ca
942 2958 1039 3022 hodie
1070 2958 1259 3040 reperiatur.

154 3046 224 3124 Qum
247 3061 391 3126 fabulam
418 3063 480 3127 etsi
512 3065 610 3128 talem
641 3066 747 3149 qualis
773 3066 926 3150 vulgatur
954 3065 1100 3151 plerique
1122 3087 1188 3130 non
1210 3064 1259 3128 in-

151 3168 278 3231 conmoda
311 3170 545 3254 lectitavimus,
578 3178 686 3237 tamen
721 3173 777 3237 illa
805 3196 902 3258 quam
932 3172 1112 3258 significavi
1141 3172 1194 3235 via
1221 3192 1259 3235 ac

153 3267 245 3337 ratione
276 3275 490 3342 demonstrari
522 3282 632 3362 potest
664 3301 777 3363 reapse
808 3280 888 3343 satis
921 3279 1108 3345 lacunosum
1142 3274 1258 3359 essa‘)

154 3579 250 3677 timisi,
271 3619 366 3681 quam
385 3597 552 3663 commode
577 3599 623 3663 sic
646 3599 848 3664 instauratae
867 3599 1047 3664 Trinummi
1067 3604 1175 3683 partes
1194 3620 1259 3663 uua
1273 3620 1351 3660 xxvr

155 3700 305 3769 curiatio
325 3696 513 3768 Truculenti
536 3705 571 3769 in
595 3705 740 3790 singulas
764 3706 968 3772 membranas
992 3705 1150 3791 deperditi
1173 3728 1259 3772 nunc
1273 3727 1366 3767 xxvn

156 3791 262 3873 fasciculi
282 3808 405 3874 LVllll
435 3811 605 3897 quadrent,
637 3819 806 3897 tamquam
835 3835 898 3877 uno
930 3815 1096 3879 oculorum
1125 3818 1259 3878 contutu

158 3913 296 3992 aspicere
318 3919 423 4002 voles,
445 3919 508 3985 hoc
532 3925 621 3985 utere
645 3921 730 4006 quod
754 3921 840 3985 infra
863 3922 1031 4005 posuimus
1056 3921 1210 4006 exemplo.

160 4074 326 4107 Nq—

104 4202 106 4267 ἷ
219 4191 346 4269 'lionae
372 4202 420 4258 uie
445 4203 522 4273 (aaa
550 4220 567 4258 a
591 4221 618 4273 p.
639 4202 701 4259 ,nv
721 4203 792 4259 mee.
821 4221 909 4273 usque
935 4206 971 4260 au
990 4224 1017 4275 p.
1038 4205 1128 4259 xxvi
1148 4206 1205 4273 sn.)
1224 4205 1259 4260 ue

104 4296 106 4337 Ι
161 4262 274 4363 lunum,
300 4288 406 4346 lacunis
434 4292 604 4346 Ritachelins
632 4292 837 4362 disputaverat,
863 4310 897 4348 ea
925 4294 1027 4350 iterata
1055 4297 1083 4349 ct
1108 4296 1203 4363 aliqua
1226 4312 1259 4349 ex

104 4368 107 4397 ²
165 4366 223 4506 lum
233 4380 373 4435 retractata
395 4382 507 4435 suntin
525 4381 612 4452 praet
632 4381 675 4435 ed.
695 4382 744 4438 alt.
765 4401 791 4452 p.
812 4383 862 4436 XV
882 4382 955 4438 med.
975 4402 1062 4453 usque
1081 4383 1116 4439 ad
1136 4403 1162 4453 p.
1183 4382 1260 4438 XXX
