2836 5034
149 331 216 395 474
440 341 697 391 rnonneounna
721 340 768 387 nn
791 337 1004 387 narronmvs

31 493 168 557 coxnnb
191 489 279 554 Trin.
303 487 377 552 349.
401 485 475 551 850.
499 484 577 549 891:

240 631 290 696 De
313 631 436 713 mapale
458 624 584 692 diuitiis
608 626 636 691 si
660 625 736 711 quid
795 678 801 688 .
862 677 868 688 .
929 677 935 688 .
996 675 1003 688 .
1060 676 1067 686 .
1123 677 1129 688 .
1177 677 1183 688 .

235 736 356 823 Neque
378 737 456 801 noui
476 756 579 819 neque
603 733 698 797 natus
721 753 823 798 necne
861 784 866 795 .
929 783 934 794 .

242 842 340 919 Quasi
363 841 449 907 diedo
471 841 499 904 si
523 837 599 924 quid
623 839 811 904 crediderim
856 852 866 901 “.
928 890 934 902 .
995 891 1000 902 .
1061 890 1067 901 .
1124 890 1129 902 .
1182 891 1187 901 .

153 1009 169 1051 c
192 985 308 1051 Bacch.
329 985 379 1049 13.
399 984 441 1048 22
462 984 527 1065 [44.
546 982 613 1063 53].
641 981 709 1047 Mil.
728 980 787 1065 ΙΙΙ,
808 983 836 1063 1,
858 981 934 1046 161:

244 1112 289 1207 ld,
311 1126 424 1190 omccbo'
444 1128 486 1209 te,
509 1120 585 1190 huic
607 1126 733 1191 caueae.
778 1123 864 1201 Quid
887 1123 943 1188 isti
996 1175 1002 1186 .
1062 1175 1068 1186 .
1127 1176 1133 1186 .

243 1231 308 1309 Qus
328 1233 463 1297 amoto?
509 1233 593 1309 Quia
617 1230 754 1297 Bacchis
778 1229 949 1296 Bacchusa
996 1283 1002 1294 .
1061 1282 1067 1293 .
1129 1282 1134 1293 .
1193 1283 1197 1292 .

243 1340 463 1418 nucleorum
486 1361 583 1403 causa
605 1339 869 1404 obsonatumst.
930 1389 935 1400 .
996 1389 1014 1436 ·.
1062 1389 1068 1400 .
1130 1390 1136 1400 .
1195 1389 1200 1400 .

154 1482 284 1547 ddrin.
308 1483 382 1547 310.
406 1482 479 1546 348.
503 1482 577 1546 357.
602 1481 676 1546 622.
700 1480 774 1546 632.
798 1481 872 1546 636.
895 1479 974 1545 854:

244 1623 293 1687 Tui
316 1625 344 1688 si
367 1623 509 1688 animum
533 1620 642 1688 uicisti
664 1623 773 1707 potius
795 1673 1140 1685 ......
1190 1664 1206 1684 -.

155 1770 188 1829 et
212 1765 256 1830 sic
280 1766 333 1830 Nc'
345 1765 466 1849 piperit,
490 1766 564 1831 No'o
587 1765 702 1849 edepol,
724 1764 787 1830 Se'd
804 1764 963 1848 poteram,
988 1764 1071 1845 Quoi
1091 1765 1225 1845 faceret,

154 1873 251 1954 seprio,
276 1873 364 1954 Quod
382 1874 482 1938 uoluit
505 1873 689 1958 similiaque
713 1872 817 1937 multa
826 1871 872 1957 *):
896 1871 1035 1955 denique
1058 1871 1204 1936 formam

155 2002 170 2043 e
193 1978 279 2043 Trin.
303 1980 377 2044 304.
399 1980 473 2045 356.
496 1980 570 2045 604.
594 1980 673 2044 66οε

244 2119 353 2186 Me‘um
375 2122 518 2186 animum
540 2121 601 2186 tibi
626 2121 818 2186 seruitutem
862 2173 1214 2186 ......

245 2209 290 2292 Fit
311 2229 386 2294 aliis
408 2230 463 2314 qui
486 2228 634 2293 comitati
665 2278 1214 2293 .........

246 2333 332 2411 Quoi
352 2336 473 2400 homini
493 2334 665 2419 despdndit
730 2386 1214 2400 ........

158 2500 351 2562 quamquam
375 2477 410 2542 hi
433 2476 562 2563 quidem
587 2477 764 2561 anapaesti,
788 2499 859 2542 eum
880 2478 1026 2561 paeonici
1046 2480 1165 2563 potius
1185 2504 1244 2545 nun

126 2653 129 2659 ,
156 2589 282 2668 partem
307 2584 439 2666 faciant,
462 2585 605 2648 omnium
631 2584 802 2648 minimum
827 2583 1017 2648 offensionis
1046 2583 1177 2651 habent
1200 2588 1244 2652 lor

157 2713 217 2775 que
240 2692 343 2755 lenius
368 2691 408 2755 ad
432 2713 525 2755 aures
549 2691 700 2756 accidunt
724 2715 822 2776 quam
845 2691 893 2755 illi
918 2708 935 2740 Δ
951 2693 956 2755 l
970 2714 1008 2740 w
1025 2708 1058 2755 -'.
1091 2692 1202 2768 Quid?
1224 2717 1241 2778 q

156 2798 262 2862 simile
286 2797 438 2881 quiddam
462 2798 513 2862 vel
537 2799 572 2862 in
592 2798 716 2863 iambos
736 2799 832 2882 cadit,
855 2821 992 2883 quorum
1012 2799 1159 2864 leniores
1179 2801 1214 2865 hi
1231 2825 1243 2865 e

23 2928 139 2968 ccxnru
153 2916 171 2955 ύ
184 2928 203 2954 υ
218 2904 223 2972 l
238 2928 256 2954 υ
270 2922 286 2953 2
310 2927 407 2988 quam
432 2903 465 2968 hi
492 2922 538 2954 ἐν
554 2905 558 2969 l
574 2928 592 2953 υ
606 2923 636 2989 L,
666 2907 720 2990 qui
749 2907 883 2990 propius
907 2906 946 2970 ad
970 2911 1227 2990 anapaestorum

155 3019 263 3078 turam
283 3011 507 3096 accedunt**):
532 3017 627 3097 atque
646 3013 725 3078 adeo
746 3013 779 3077 iu
798 3014 1000 3097 spondeos,e
1020 3015 1144 3099 quibus
1160 3017 1244 3080 durio

156 3122 235 3184 tales
260 3121 330 3184 -‘l-
350 3137 365 3167 -‘
389 3143 486 3203 quem
510 3121 560 3184 illi
584 3121 729 3185 U‘vl-2.

244 3225 395 3290 Seorsum
420 3228 521 3311 ipsius
541 3228 699 3311 principii,
723 3229 808 3312 quod
827 3228 944 3294 cretico
965 3229 1168 3312 continetur,
1192 3253 1244 3313 or)

243 3421 268 3487 *l
297 3419 349 3474 Hic
377 3436 487 3488 quoque
515 3423 682 3489 anapaestus
711 3437 795 3488 quam
818 3439 873 3476 non
897 3421 1074 3490 displicuerit
1100 3423 1210 3492 poetis,
1238 3442 1244 3476 ε

155 3507 220 3563 hinc
238 3509 412 3579 intellegitur
435 3507 509 3575 quod
534 3508 629 3562 multis
648 3508 696 3563 ille
716 3511 850 3578 exemplis
869 3510 952 3563 vitari
972 3510 1051 3565 nullo
1071 3514 1192 3581 negotio
1213 3531 1244 3583 po

155 3600 210 3664 rat,
230 3597 320 3651 velut:

315 3687 357 3739 Tu
377 3688 499 3739 cinianum
518 3686 541 3740 si
560 3685 653 3741 uicisti
673 3687 765 3756 potius
809 3732 1082 3743 ......
1138 3735 1143 3746 .

314 3773 377 3827 Non
396 3774 448 3827 tibi
467 3775 559 3842 edepol
577 3775 729 3844 pernegare
755 3819 1083 3832 .......
1138 3825 1144 3836 ,

314 3862 368 3916 sed
387 3865 513 3917 nostrum
533 3863 573 3917 ire
591 3865 718 3932 penarum
737 3864 865 3918 eccillum
914 3909 919 3918 .
968 3911 973 3919 .
1022 3911 1027 3920 .
1079 3911 1084 3921 .
1139 3915 1144 3924 .

156 3969 287 4037 ldemque
307 3970 336 4023 iu
354 3971 510 4038 proximum
529 3973 714 4040 anapaestum
733 3972 840 4027 formae
858 3990 871 4026 c
890 3973 978 4028 cadit:

313 4070 406 4132 Melum
425 4076 478 4130 tibi
498 4079 621 4132 (inimcos
640 4078 804 4132 seruitutem
857 4123 861 4133 .
910 4123 915 4133 .
964 4124 968 4134 .
1019 4125 1024 4136 .
1077 4128 1081 4135 .

225 4184 267 4251 **)
286 4184 469 4238 Potueramus
488 4184 575 4255 igitur
594 4203 656 4240 eam
675 4185 803 4252 formam,
822 4186 867 4240 cui
881 4205 899 4240 o
913 4186 1041 4242 litteram
1057 4190 1244 4266 adscripsimr

154 4273 252 4328 tabula
270 4292 354 4343 snpra
373 4274 525 4342 proposita,
545 4275 572 4329 in
592 4276 662 4330 duas
681 4276 720 4330 sic
740 4275 910 4345 dispencere:

659 4368 695 4417 Q
747 4392 766 4416 υ
785 4385 800 4415 .‘

651 4475 667 4505 ι
685 4366 724 4522 ol
747 4480 766 4505 υ
785 4475 800 4505 Δ
