2886 5032
111 312 176 376 686
467 320 698 370 nsrnnnsonn
721 319 909 368 onnrosrn.

204 466 257 532 Sic
279 465 370 529 T1sr
394 466 460 529 iam
484 466 606 529 faveat!
645 465 700 548 qui
724 484 818 528 carus
841 465 957 527 nostra
981 462 1139 527 sacerdos

271 571 465 657 Ingrederis,
479 570 589 636 (llario
613 571 737 656 templa
760 570 868 636 dicata
890 569 976 653 De03

202 680 308 744 Parsa
332 678 472 763 quidem,
493 677 609 761 fateor,
633 676 689 741 sed
712 676 828 760 priscis
853 675 986 760 cognita
1012 676 1146 758 saeclis,

274 785 449 851 Caeruleus
473 784 634 849 celebrem
657 805 721 867 qua
745 786 833 848 secat
854 782 951 847 Albis
974 782 1130 846 humum.

203 892 354 976 Amplius
376 892 457 957 haec
480 913 537 975 por
562 891 632 975 Tu,
655 891 746 955 nulla
769 889 933 955 labefacta
955 889 1063 973 ruina,

274 998 471 1083 Exsurgsnt,
495 997 595 1062 radiis
619 996 849 1082 conspicienda
870 996 974 1062 novis.

206 1104 258 1170 Sic
283 1106 355 1170 urbi
379 1105 498 1170 veteris
522 1105 688 1170 doctrinae
711 1105 801 1170 fama
823 1104 960 1188 vigebit,

274 1211 422 1276 Proferet
445 1214 478 1274 st
500 1211 653 1276 meritum
677 1209 830 1276 Leucoris
855 1209 941 1273 alma
964 1207 1076 1274 decus.

205 1423 266 1489 Sed
290 1425 359 1509 Tv,
382 1447 478 1511 quern
502 1426 627 1511 gremio
650 1425 831 1492 laetissima
853 1427 941 1487 terra
963 1422 1112 1505 recepit,

276 1531 303 1597 O
328 1532 424 1615 salve,
448 1536 579 1597 nostrae
603 1533 659 1597 lux
682 1533 896 1616 columenque
920 1528 1072 1593 scholae!

206 1638 308 1715 Quem
330 1638 478 1703 iuvenem
503 1639 664 1722 quondam
688 1637 826 1703 nutrivit
848 1636 959 1721 Lipsia
983 1636 1088 1719 clara,

275 1744 372 1809 Fovit
395 1749 427 1809 et
450 1745 484 1810 in
507 1750 596 1811 casto
620 1745 717 1812 docta
739 1743 885 1810 Minerva
909 1745 991 1809 sinu.

205 1850 295 1936 Ergo
318 1851 398 1916 haec
421 1850 578 1918 Phoebeis
602 1852 752 1936 oleagina
775 1855 863 1916 serta
885 1849 1018 1915 corollis

277 1956 423 2041 Addidit,
446 1962 479 2023 et
501 1959 602 2024 tinxit
623 1962 753 2024 nectare
776 1959 868 2023 labra
891 1978 959 2022 suo.

207 2062 313 2129 Huius
338 2069 370 2128 ct
393 2064 555 2165 Aonidum
579 2065 745 2132 consortia
769 2068 864 2151 grets
888 2085 1038 2131 sororum

276 2170 338 2236 Hie
361 2193 491 2257 qnoque
514 2171 640 2238 defesso
665 2173 757 2237 dulce
780 2172 929 2237 levamen
953 2175 1060 2236 erunt.

206 2276 340 2344 Praesto
364 2299 492 2363 semper
514 2283 619 2363 erunt,
642 2301 698 2344 ssu
721 2279 774 2343 Tu
797 2278 929 2343 Nasone
953 2277 1088 2342 iubente

242 2384 413 2460 ‚ansrit
435 2387 467 2450 in
491 2387 591 2451 valles
614 2386 731 2451 fertilis
753 2385 871 2451 Henna
894 2407 1013 2469 sacras,

207 2489 269 2557 Seu
293 2498 452 2559 memoret
474 2491 551 2578 cyri
573 2493 756 2577 Xenophon
779 2494 894 2559 fatalia
917 2513 1032 2578 regna,

276 2596 340 2663 Seu
363 2603 498 2664 teneant
520 2603 663 2664 mentem
686 2599 813 2666 Gallica
835 2600 923 2664 bella
945 2598 1074 2682 Tvru,

205 2704 278 2769 Sive
302 2710 408 2770 truces
433 2707 521 2771 Parii
545 2708 629 2771 vatis
654 2708 787 2772 secteris
812 2707 949 2789 iambos,

277 2810 339 2876 Seu
362 2812 416 2876 Tu
441 2812 625 2878 Mimnermi
649 2796 768 2878 filando
791 2812 923 2897 querela
946 2813 1044 2877 iuvet.

204 2919 256 2982 Tu
281 2920 360 2983 duce
384 2940 457 2983 mox
483 2919 598 2983 alacris
622 2919 699 2984 forti
724 2919 804 3004 pede
828 2920 925 2983 turba
947 2918 1125 2984 Tvosvn

276 3024 415 3090 Soandet
439 3026 604 3109 Apollinei
630 3027 773 3091 culmina
797 3049 924 3091 summa
946 3026 1026 3110 iugi.

206 3132 261 3198 TV
286 3132 393 3197 studio
417 3133 507 3217 vigili
526 3128 622 3198 'mitis
646 3155 795 3198 succurre
819 3133 949 3198 tenellis

274 3240 452 3303 Mentibus:
478 3239 553 3304 hino
577 3240 644 3304 illis
667 3241 786 3305 nobilis
810 3240 906 3306 ardor
930 3240 999 3304 erit.

203 3343 314 3408 Mollit
337 3346 422 3410 enim
446 3346 592 3431 regimen
616 3385 656 3391 —
681 3347 835 3411 iuvenilia
858 3351 992 3430 pectora
1014 3349 1119 3410 testes
1151 3387 1190 3395 -

275 3451 360 3516 Lens
384 3453 470 3517 feros
494 3453 628 3537 animos,
653 3454 905 3538 obsequiumque
929 3455 1024 3537 parit.

204 3663 271 3730 Vos
296 3670 404 3731 nutem
429 3667 536 3730 cuncti
560 3689 684 3732 mecum
709 3667 847 3752 gaudete
871 3667 1008 3750 sodales,

275 3771 425 3857 Spargite
449 3773 566 3837 votivis
589 3778 682 3838 turea
705 3775 789 3839 dona
813 3775 907 3839 focis!

208 3878 279 3943 Hoc
303 3879 421 3943 etenim
446 3880 564 3943 meruit
586 3880 642 3943 fidi
666 3881 770 3965 proba
793 3903 871 3944 cura
894 3880 1089 3964 magistri,

276 3985 347 4050 Hoc
372 3986 465 4050 labor
489 3987 636 4051 assiduus
661 3987 851 4071 consiliique
875 3986 964 4051 fides.

203 4092 273 4159 lam
297 4114 420 4177 precor,
442 4092 518 4157 huic
542 4097 607 4158 stet
630 4094 724 4159 firma
747 4094 844 4178 salus,
867 4093 999 4159 fortuna
1023 4093 1179 4157 secundet

273 4200 435 4283 Prospera
459 4206 582 4285 coepta,
606 4202 673 4266 dies
698 4201 818 4286 gaudia
844 4222 987 4286 quaeque
1011 4201 1109 4265 ierat!

203 4308 352 4391 Accipias
376 4308 476 4389 vultu,
500 4307 636 4372 doctor
660 4308 894 4391 venerande,
917 4308 1071 4392 benigno,

273 4416 362 4490 Quae
386 4415 489 4497 pictas
512 4414 608 4478 hodic
632 4438 766 4479 munera
788 4437 889 4497 parva
911 4416 997 4479 tulit
